%YAML 1.1
%TAG !u! tag:unity3d.com,2011:
--- !u!1 &4381975792248267873
GameObject:
  m_ObjectHideFlags: 0
  m_CorrespondingSourceObject: {fileID: 0}
  m_PrefabInstance: {fileID: 0}
  m_PrefabAsset: {fileID: 0}
  serializedVersion: 6
  m_Component:
  - component: {fileID: 4381975792248267884}
  - component: {fileID: 7320449440678233570}
  - component: {fileID: 4381975792248267900}
  - component: {fileID: 3116409452172212600}
  - component: {fileID: 5383029262034426399}
  m_Layer: 0
  m_Name: RotatingTurret
  m_TagString: Untagged
  m_Icon: {fileID: 0}
  m_NavMeshLayer: 0
  m_StaticEditorFlags: 0
  m_IsActive: 1
--- !u!4 &4381975792248267884
Transform:
  m_ObjectHideFlags: 0
  m_CorrespondingSourceObject: {fileID: 0}
  m_PrefabInstance: {fileID: 0}
  m_PrefabAsset: {fileID: 0}
  m_GameObject: {fileID: 4381975792248267873}
  m_LocalRotation: {x: -0, y: -0.6587175, z: -0, w: 0.7523904}
  m_LocalPosition: {x: 14.665, y: -1.06, z: 7.727}
  m_LocalScale: {x: 0.7, y: 1, z: 1}
  m_Children:
  - {fileID: 7265788387544184590}
  - {fileID: 7265778548225174654}
  - {fileID: 7261261571729991975}
  m_Father: {fileID: 0}
  m_RootOrder: 0
  m_LocalEulerAnglesHint: {x: 0, y: -82.40401, z: 0}
--- !u!95 &7320449440678233570
Animator:
  serializedVersion: 3
  m_ObjectHideFlags: 0
  m_CorrespondingSourceObject: {fileID: 0}
  m_PrefabInstance: {fileID: 0}
  m_PrefabAsset: {fileID: 0}
  m_GameObject: {fileID: 4381975792248267873}
  m_Enabled: 1
  m_Avatar: {fileID: 9000000, guid: 58cdb76c3fee9cc4a8fa3043a27cba7c, type: 3}
  m_Controller: {fileID: 9100000, guid: d8ebd6ba7d10c164ba499c1eba44f79d, type: 2}
  m_CullingMode: 1
  m_UpdateMode: 0
  m_ApplyRootMotion: 1
  m_LinearVelocityBlending: 0
  m_WarningMessage: 
  m_HasTransformHierarchy: 1
  m_AllowConstantClipSamplingOptimization: 1
  m_KeepAnimatorControllerStateOnDisable: 0
--- !u!114 &4381975792248267900
MonoBehaviour:
  m_ObjectHideFlags: 0
  m_CorrespondingSourceObject: {fileID: 0}
  m_PrefabInstance: {fileID: 0}
  m_PrefabAsset: {fileID: 0}
  m_GameObject: {fileID: 4381975792248267873}
  m_Enabled: 1
  m_EditorHideFlags: 0
  m_Script: {fileID: 11500000, guid: cca7a7646fc634c46832e39d902c77a7, type: 3}
  m_Name: 
  m_EditorClassIdentifier: 
  bulletCreateTransform: {fileID: 7265914878138594230}
  TimeBetweenShots: 2
  enemyAnimator: {fileID: 7320449440678233570}
  RotationType: 1
  rotationSpeed: 30
  eulerAnglesTargets:
  - {x: -0, y: 233.95538, z: 0}
  - {x: -0, y: 311.58832, z: 0}
--- !u!65 &3116409452172212600
BoxCollider:
  m_ObjectHideFlags: 0
  m_CorrespondingSourceObject: {fileID: 0}
  m_PrefabInstance: {fileID: 0}
  m_PrefabAsset: {fileID: 0}
  m_GameObject: {fileID: 4381975792248267873}
  m_Material: {fileID: 0}
  m_IsTrigger: 0
  m_Enabled: 1
  serializedVersion: 2
  m_Size: {x: 0.39192155, y: 1.6742566, z: 0.39772147}
  m_Center: {x: -0.0069553102, y: 0.88461864, z: 0.06979033}
--- !u!54 &5383029262034426399
Rigidbody:
  m_ObjectHideFlags: 0
  m_CorrespondingSourceObject: {fileID: 0}
  m_PrefabInstance: {fileID: 0}
  m_PrefabAsset: {fileID: 0}
  m_GameObject: {fileID: 4381975792248267873}
  serializedVersion: 2
  m_Mass: 1
  m_Drag: 0
  m_AngularDrag: 0.05
  m_UseGravity: 0
  m_IsKinematic: 1
  m_Interpolate: 0
  m_Constraints: 0
  m_CollisionDetection: 0
--- !u!1 &7259809971577953466
GameObject:
  m_ObjectHideFlags: 0
  m_CorrespondingSourceObject: {fileID: 0}
  m_PrefabInstance: {fileID: 0}
  m_PrefabAsset: {fileID: 0}
  serializedVersion: 6
  m_Component:
  - component: {fileID: 7263075071842798144}
  m_Layer: 0
  m_Name: PT_Medieval_LeftCape3
  m_TagString: Untagged
  m_Icon: {fileID: 0}
  m_NavMeshLayer: 0
  m_StaticEditorFlags: 0
  m_IsActive: 1
--- !u!4 &7263075071842798144
Transform:
  m_ObjectHideFlags: 0
  m_CorrespondingSourceObject: {fileID: 0}
  m_PrefabInstance: {fileID: 0}
  m_PrefabAsset: {fileID: 0}
  m_GameObject: {fileID: 7259809971577953466}
  m_LocalRotation: {x: 0, y: -0, z: -0, w: 1}
  m_LocalPosition: {x: -0.0056829997, y: 0.35933298, z: 0.03601654}
  m_LocalScale: {x: 1, y: 1, z: 1}
  m_Children:
  - {fileID: 7265500734525208588}
  m_Father: {fileID: 7263011066824209358}
  m_RootOrder: 0
  m_LocalEulerAnglesHint: {x: 0, y: 0, z: 0}
--- !u!1 &7259818370096299952
GameObject:
  m_ObjectHideFlags: 0
  m_CorrespondingSourceObject: {fileID: 0}
  m_PrefabInstance: {fileID: 0}
  m_PrefabAsset: {fileID: 0}
  serializedVersion: 6
  m_Component:
  - component: {fileID: 7265733473634125486}
  m_Layer: 0
  m_Name: PT_Medieval_LeftCape
  m_TagString: Untagged
  m_Icon: {fileID: 0}
  m_NavMeshLayer: 0
  m_StaticEditorFlags: 0
  m_IsActive: 1
--- !u!4 &7265733473634125486
Transform:
  m_ObjectHideFlags: 0
  m_CorrespondingSourceObject: {fileID: 0}
  m_PrefabInstance: {fileID: 0}
  m_PrefabAsset: {fileID: 0}
  m_GameObject: {fileID: 7259818370096299952}
  m_LocalRotation: {x: 1, y: -0, z: 0, w: -6.123234e-17}
  m_LocalPosition: {x: -0.11146, y: 0.08650225, z: -0.14882876}
  m_LocalScale: {x: 1, y: 1, z: 1}
  m_Children:
  - {fileID: 7263011066824209358}
  m_Father: {fileID: 7263008860966822704}
  m_RootOrder: 0
  m_LocalEulerAnglesHint: {x: 0, y: 0, z: 0}
--- !u!1 &7259834764742559682
GameObject:
  m_ObjectHideFlags: 0
  m_CorrespondingSourceObject: {fileID: 0}
  m_PrefabInstance: {fileID: 0}
  m_PrefabAsset: {fileID: 0}
  serializedVersion: 6
  m_Component:
  - component: {fileID: 7262811619292596908}
  m_Layer: 0
  m_Name: PT_Medieval_LeftHandPinky2
  m_TagString: Untagged
  m_Icon: {fileID: 0}
  m_NavMeshLayer: 0
  m_StaticEditorFlags: 0
  m_IsActive: 1
--- !u!4 &7262811619292596908
Transform:
  m_ObjectHideFlags: 0
  m_CorrespondingSourceObject: {fileID: 0}
  m_PrefabInstance: {fileID: 0}
  m_PrefabAsset: {fileID: 0}
  m_GameObject: {fileID: 7259834764742559682}
  m_LocalRotation: {x: -0.08476753, y: 9.999279e-18, z: -4.705543e-18, w: 0.9964008}
  m_LocalPosition: {x: 0.00074990414, y: 0.028182644, z: -0.010203751}
  m_LocalScale: {x: 1, y: 1, z: 1}
  m_Children:
  - {fileID: 7263091452869207554}
  m_Father: {fileID: 7262655054148497070}
  m_RootOrder: 0
  m_LocalEulerAnglesHint: {x: 0, y: 0, z: 0}
--- !u!1 &7259838210750066418
GameObject:
  m_ObjectHideFlags: 0
  m_CorrespondingSourceObject: {fileID: 0}
  m_PrefabInstance: {fileID: 0}
  m_PrefabAsset: {fileID: 0}
  serializedVersion: 6
  m_Component:
  - component: {fileID: 7263088800663095736}
  m_Layer: 0
  m_Name: PT_Medieval_LeftHandIndex3
  m_TagString: Untagged
  m_Icon: {fileID: 0}
  m_NavMeshLayer: 0
  m_StaticEditorFlags: 0
  m_IsActive: 1
--- !u!4 &7263088800663095736
Transform:
  m_ObjectHideFlags: 0
  m_CorrespondingSourceObject: {fileID: 0}
  m_PrefabInstance: {fileID: 0}
  m_PrefabAsset: {fileID: 0}
  m_GameObject: {fileID: 7259838210750066418}
  m_LocalRotation: {x: 0.16408321, y: -1.6850629e-16, z: 8.653025e-17, w: 0.9864465}
  m_LocalPosition: {x: -0.0013015644, y: 0.036721874, z: 0.0035456873}
  m_LocalScale: {x: 1, y: 1, z: 1}
  m_Children: []
  m_Father: {fileID: 7265623784358958388}
  m_RootOrder: 0
  m_LocalEulerAnglesHint: {x: 0, y: 0, z: 0}
--- !u!1 &7259865735700291220
GameObject:
  m_ObjectHideFlags: 0
  m_CorrespondingSourceObject: {fileID: 0}
  m_PrefabInstance: {fileID: 0}
  m_PrefabAsset: {fileID: 0}
  serializedVersion: 6
  m_Component:
  - component: {fileID: 7262635279175744030}
  m_Layer: 0
  m_Name: PT_Medieval_LeftFoot
  m_TagString: Untagged
  m_Icon: {fileID: 0}
  m_NavMeshLayer: 0
  m_StaticEditorFlags: 0
  m_IsActive: 1
--- !u!4 &7262635279175744030
Transform:
  m_ObjectHideFlags: 0
  m_CorrespondingSourceObject: {fileID: 0}
  m_PrefabInstance: {fileID: 0}
  m_PrefabAsset: {fileID: 0}
  m_GameObject: {fileID: 7259865735700291220}
  m_LocalRotation: {x: 0.48822117, y: 0.0007726033, z: -0.00043221368, w: 0.87271947}
  m_LocalPosition: {x: -0.00006126998, y: 0.40425277, z: -0.01334145}
  m_LocalScale: {x: 1, y: 1, z: 1}
  m_Children:
  - {fileID: 7262813743507296812}
  m_Father: {fileID: 7265561233716289792}
  m_RootOrder: 0
  m_LocalEulerAnglesHint: {x: 0, y: 0, z: 0}
--- !u!1 &7259874317970204122
GameObject:
  m_ObjectHideFlags: 0
  m_CorrespondingSourceObject: {fileID: 0}
  m_PrefabInstance: {fileID: 0}
  m_PrefabAsset: {fileID: 0}
  serializedVersion: 6
  m_Component:
  - component: {fileID: 7263024677913844688}
  m_Layer: 0
  m_Name: PT_Medieval_Medium_Bow_slot
  m_TagString: Untagged
  m_Icon: {fileID: 0}
  m_NavMeshLayer: 0
  m_StaticEditorFlags: 0
  m_IsActive: 1
--- !u!4 &7263024677913844688
Transform:
  m_ObjectHideFlags: 0
  m_CorrespondingSourceObject: {fileID: 0}
  m_PrefabInstance: {fileID: 0}
  m_PrefabAsset: {fileID: 0}
  m_GameObject: {fileID: 7259874317970204122}
  m_LocalRotation: {x: 0.4119161, y: -0.074476846, z: 0.8751432, w: 0.24269892}
  m_LocalPosition: {x: -0.06086113, y: -0.023988165, z: -0.16310365}
  m_LocalScale: {x: 1, y: 1, z: 1}
  m_Children: []
  m_Father: {fileID: 7263008860966822704}
  m_RootOrder: 3
  m_LocalEulerAnglesHint: {x: 0, y: 0, z: 0}
--- !u!1 &7259888621736165322
GameObject:
  m_ObjectHideFlags: 0
  m_CorrespondingSourceObject: {fileID: 0}
  m_PrefabInstance: {fileID: 0}
  m_PrefabAsset: {fileID: 0}
  serializedVersion: 6
  m_Component:
  - component: {fileID: 7265548151297737010}
  m_Layer: 0
  m_Name: PT_Medieval_LeftHandRing1
  m_TagString: Untagged
  m_Icon: {fileID: 0}
  m_NavMeshLayer: 0
  m_StaticEditorFlags: 0
  m_IsActive: 1
--- !u!4 &7265548151297737010
Transform:
  m_ObjectHideFlags: 0
  m_CorrespondingSourceObject: {fileID: 0}
  m_PrefabInstance: {fileID: 0}
  m_PrefabAsset: {fileID: 0}
  m_GameObject: {fileID: 7259888621736165322}
  m_LocalRotation: {x: 0.1255726, y: -0.009746214, z: -0.076765224, w: 0.989062}
  m_LocalPosition: {x: -0.020498825, y: 0.101169415, z: -0.009756999}
  m_LocalScale: {x: 1, y: 1, z: 1}
  m_Children:
  - {fileID: 7262665455324582372}
  m_Father: {fileID: 7262839060058926160}
  m_RootOrder: 3
  m_LocalEulerAnglesHint: {x: 0, y: 0, z: 0}
--- !u!1 &7259892901625637560
GameObject:
  m_ObjectHideFlags: 0
  m_CorrespondingSourceObject: {fileID: 0}
  m_PrefabInstance: {fileID: 0}
  m_PrefabAsset: {fileID: 0}
  serializedVersion: 6
  m_Component:
  - component: {fileID: 7265467626477287958}
  m_Layer: 0
  m_Name: PT_Medieval_RightHandPinky2
  m_TagString: Untagged
  m_Icon: {fileID: 0}
  m_NavMeshLayer: 0
  m_StaticEditorFlags: 0
  m_IsActive: 1
--- !u!4 &7265467626477287958
Transform:
  m_ObjectHideFlags: 0
  m_CorrespondingSourceObject: {fileID: 0}
  m_PrefabInstance: {fileID: 0}
  m_PrefabAsset: {fileID: 0}
  m_GameObject: {fileID: 7259892901625637560}
  m_LocalRotation: {x: -0.08476753, y: -1.6469401e-17, z: -5.411375e-17, w: 0.9964008}
  m_LocalPosition: {x: -0.00074990414, y: -0.028182644, z: 0.010203751}
  m_LocalScale: {x: 1, y: 1, z: 1}
  m_Children:
  - {fileID: 7265980503939698328}
  m_Father: {fileID: 7263016209379405658}
  m_RootOrder: 0
  m_LocalEulerAnglesHint: {x: 0, y: 0, z: 0}
--- !u!1 &7259944357211375812
GameObject:
  m_ObjectHideFlags: 0
  m_CorrespondingSourceObject: {fileID: 0}
  m_PrefabInstance: {fileID: 0}
  m_PrefabAsset: {fileID: 0}
  serializedVersion: 6
  m_Component:
  - component: {fileID: 7262892603005630992}
  m_Layer: 0
  m_Name: PT_Medieval_LeftHandMiddle1
  m_TagString: Untagged
  m_Icon: {fileID: 0}
  m_NavMeshLayer: 0
  m_StaticEditorFlags: 0
  m_IsActive: 1
--- !u!4 &7262892603005630992
Transform:
  m_ObjectHideFlags: 0
  m_CorrespondingSourceObject: {fileID: 0}
  m_PrefabInstance: {fileID: 0}
  m_PrefabAsset: {fileID: 0}
  m_GameObject: {fileID: 7259944357211375812}
  m_LocalRotation: {x: 0.07121196, y: -0.0049869064, z: -0.069679745, w: 0.9950119}
  m_LocalPosition: {x: 0.006663853, y: 0.10554572, z: -0.0064793355}
  m_LocalScale: {x: 1, y: 1, z: 1}
  m_Children:
  - {fileID: 7265809162525259994}
  m_Father: {fileID: 7262839060058926160}
  m_RootOrder: 1
  m_LocalEulerAnglesHint: {x: 0, y: 0, z: 0}
--- !u!1 &7259953482101590954
GameObject:
  m_ObjectHideFlags: 0
  m_CorrespondingSourceObject: {fileID: 0}
  m_PrefabInstance: {fileID: 0}
  m_PrefabAsset: {fileID: 0}
  serializedVersion: 6
  m_Component:
  - component: {fileID: 7265778548225174654}
  - component: {fileID: 7287447505313883644}
  m_Layer: 0
  m_Name: PT_Medieval_Peasant_01
  m_TagString: Untagged
  m_Icon: {fileID: 0}
  m_NavMeshLayer: 0
  m_StaticEditorFlags: 0
  m_IsActive: 1
--- !u!4 &7265778548225174654
Transform:
  m_ObjectHideFlags: 0
  m_CorrespondingSourceObject: {fileID: 0}
  m_PrefabInstance: {fileID: 0}
  m_PrefabAsset: {fileID: 0}
  m_GameObject: {fileID: 7259953482101590954}
  m_LocalRotation: {x: 0, y: -0, z: -0, w: 1}
  m_LocalPosition: {x: -0, y: 0, z: 0}
  m_LocalScale: {x: 1, y: 1, z: 1}
  m_Children: []
  m_Father: {fileID: 4381975792248267884}
  m_RootOrder: 1
  m_LocalEulerAnglesHint: {x: 0, y: 0, z: 0}
--- !u!137 &7287447505313883644
SkinnedMeshRenderer:
  m_ObjectHideFlags: 0
  m_CorrespondingSourceObject: {fileID: 0}
  m_PrefabInstance: {fileID: 0}
  m_PrefabAsset: {fileID: 0}
  m_GameObject: {fileID: 7259953482101590954}
  m_Enabled: 1
  m_CastShadows: 1
  m_ReceiveShadows: 1
  m_DynamicOccludee: 1
  m_MotionVectors: 1
  m_LightProbeUsage: 1
  m_ReflectionProbeUsage: 1
  m_RenderingLayerMask: 1
  m_RendererPriority: 0
  m_Materials:
  - {fileID: 2100000, guid: 19f8f5e9b84d86540b9288823aebd77b, type: 2}
  m_StaticBatchInfo:
    firstSubMesh: 0
    subMeshCount: 0
  m_StaticBatchRoot: {fileID: 0}
  m_ProbeAnchor: {fileID: 0}
  m_LightProbeVolumeOverride: {fileID: 0}
  m_ScaleInLightmap: 1
  m_ReceiveGI: 1
  m_PreserveUVs: 0
  m_IgnoreNormalsForChartDetection: 0
  m_ImportantGI: 0
  m_StitchLightmapSeams: 1
  m_SelectedEditorRenderState: 3
  m_MinimumChartSize: 4
  m_AutoUVMaxDistance: 0.5
  m_AutoUVMaxAngle: 89
  m_LightmapParameters: {fileID: 0}
  m_SortingLayerID: 0
  m_SortingLayer: 0
  m_SortingOrder: 0
  serializedVersion: 2
  m_Quality: 0
  m_UpdateWhenOffscreen: 0
  m_SkinnedMotionVectors: 1
  m_Mesh: {fileID: 4300000, guid: 58cdb76c3fee9cc4a8fa3043a27cba7c, type: 3}
  m_Bones:
  - {fileID: 7265788387544184590}
  - {fileID: 7265447462145400730}
  - {fileID: 7265545602396159686}
  - {fileID: 7263008860966822704}
  - {fileID: 7265804685715780948}
  - {fileID: 7262803942939878718}
  - {fileID: 7265625001104280110}
  - {fileID: 7265974701837541360}
  - {fileID: 7265618991471194682}
  - {fileID: 7262648898839038488}
  - {fileID: 7265914878138594230}
  - {fileID: 7265584750248530810}
  - {fileID: 7265815475296911814}
  - {fileID: 7265505059816511300}
  - {fileID: 7263174465074014764}
  - {fileID: 7263117911317042488}
  - {fileID: 7262875358663787832}
  - {fileID: 7263013524559526590}
  - {fileID: 7265474571414121326}
  - {fileID: 7263043685395870392}
  - {fileID: 7263020584862081212}
  - {fileID: 7262675292258243906}
  - {fileID: 7265767111543968514}
  - {fileID: 7263016209379405658}
  - {fileID: 7265467626477287958}
  - {fileID: 7265980503939698328}
  - {fileID: 7265950681411641082}
  - {fileID: 7262976354100375286}
  - {fileID: 7263145272303015006}
  - {fileID: 7262839060058926160}
  - {fileID: 7265819932506712994}
  - {fileID: 7265455916750474486}
  - {fileID: 7262886720795142478}
  - {fileID: 7265924680226850410}
  - {fileID: 7265623784358958388}
  - {fileID: 7263088800663095736}
  - {fileID: 7262892603005630992}
  - {fileID: 7265809162525259994}
  - {fileID: 7265784294768101264}
  - {fileID: 7265548151297737010}
  - {fileID: 7262665455324582372}
  - {fileID: 7263130409692566232}
  - {fileID: 7262655054148497070}
  - {fileID: 7262811619292596908}
  - {fileID: 7263091452869207554}
  - {fileID: 7262768864335844036}
  - {fileID: 7265560788961919630}
  - {fileID: 7262970590324214082}
  - {fileID: 7262737111361883142}
  - {fileID: 7265733473634125486}
  - {fileID: 7263011066824209358}
  - {fileID: 7263075071842798144}
  - {fileID: 7265500734525208588}
  - {fileID: 7265598133844428358}
  - {fileID: 7265561233716289792}
  - {fileID: 7262635279175744030}
  - {fileID: 7262813743507296812}
  - {fileID: 7265632765052588626}
  - {fileID: 7262685363783122192}
  - {fileID: 7263055657028614558}
  - {fileID: 7262838848516736784}
  m_BlendShapeWeights: []
  m_RootBone: {fileID: 7265788387544184590}
  m_AABB:
    m_Center: {x: 0.000000029802322, y: -0.19536501, z: -0.006177388}
    m_Extent: {x: 0.92435706, y: 0.959703, z: 0.22002}
  m_DirtyAABB: 0
--- !u!1 &7259972579207460722
GameObject:
  m_ObjectHideFlags: 0
  m_CorrespondingSourceObject: {fileID: 0}
  m_PrefabInstance: {fileID: 0}
  m_PrefabAsset: {fileID: 0}
  serializedVersion: 6
  m_Component:
  - component: {fileID: 7262681269878861776}
  m_Layer: 0
  m_Name: PT_Medieval_Second_Weapon_slot
  m_TagString: Untagged
  m_Icon: {fileID: 0}
  m_NavMeshLayer: 0
  m_StaticEditorFlags: 0
  m_IsActive: 1
--- !u!4 &7262681269878861776
Transform:
  m_ObjectHideFlags: 0
  m_CorrespondingSourceObject: {fileID: 0}
  m_PrefabInstance: {fileID: 0}
  m_PrefabAsset: {fileID: 0}
  m_GameObject: {fileID: 7259972579207460722}
  m_LocalRotation: {x: 0.896631, y: 0.15798475, z: 0.41029167, w: 0.052482314}
  m_LocalPosition: {x: -0.061379284, y: -0.023051186, z: 0.095135055}
  m_LocalScale: {x: 1, y: 1, z: 1}
  m_Children: []
  m_Father: {fileID: 7265632765052588626}
  m_RootOrder: 1
  m_LocalEulerAnglesHint: {x: 0, y: 0, z: 0}
--- !u!1 &7259979498824245266
GameObject:
  m_ObjectHideFlags: 0
  m_CorrespondingSourceObject: {fileID: 0}
  m_PrefabInstance: {fileID: 0}
  m_PrefabAsset: {fileID: 0}
  serializedVersion: 6
  m_Component:
  - component: {fileID: 7262648898839038488}
  m_Layer: 0
  m_Name: PT_Medieval_RightForeArm
  m_TagString: Untagged
  m_Icon: {fileID: 0}
  m_NavMeshLayer: 0
  m_StaticEditorFlags: 0
  m_IsActive: 1
--- !u!4 &7262648898839038488
Transform:
  m_ObjectHideFlags: 0
  m_CorrespondingSourceObject: {fileID: 0}
  m_PrefabInstance: {fileID: 0}
  m_PrefabAsset: {fileID: 0}
  m_GameObject: {fileID: 7259979498824245266}
  m_LocalRotation: {x: -0.1194774, y: 0.004352882, z: -0.036147382, w: 0.99216914}
  m_LocalPosition: {x: 0.0016893874, y: -0.2694033, z: 0.037285056}
  m_LocalScale: {x: 1, y: 1, z: 1}
  m_Children:
  - {fileID: 7265914878138594230}
  m_Father: {fileID: 7265618991471194682}
  m_RootOrder: 0
  m_LocalEulerAnglesHint: {x: 0, y: 0, z: 0}
--- !u!1 &7259991670857733698
GameObject:
  m_ObjectHideFlags: 0
  m_CorrespondingSourceObject: {fileID: 0}
  m_PrefabInstance: {fileID: 0}
  m_PrefabAsset: {fileID: 0}
  serializedVersion: 6
  m_Component:
  - component: {fileID: 7262875358663787832}
  m_Layer: 0
  m_Name: PT_Medieval_RightHandIndex3
  m_TagString: Untagged
  m_Icon: {fileID: 0}
  m_NavMeshLayer: 0
  m_StaticEditorFlags: 0
  m_IsActive: 1
--- !u!4 &7262875358663787832
Transform:
  m_ObjectHideFlags: 0
  m_CorrespondingSourceObject: {fileID: 0}
  m_PrefabInstance: {fileID: 0}
  m_PrefabAsset: {fileID: 0}
  m_GameObject: {fileID: 7259991670857733698}
  m_LocalRotation: {x: 0.16408321, y: -4.554224e-18, z: -5.4650688e-17, w: 0.9864465}
  m_LocalPosition: {x: 0.0013015644, y: -0.036721874, z: -0.0035456873}
  m_LocalScale: {x: 1, y: 1, z: 1}
  m_Children: []
  m_Father: {fileID: 7263117911317042488}
  m_RootOrder: 0
  m_LocalEulerAnglesHint: {x: 0, y: 0, z: 0}
--- !u!1 &7259994747192109566
GameObject:
  m_ObjectHideFlags: 0
  m_CorrespondingSourceObject: {fileID: 0}
  m_PrefabInstance: {fileID: 0}
  m_PrefabAsset: {fileID: 0}
  serializedVersion: 6
  m_Component:
  - component: {fileID: 7265974701837541360}
  m_Layer: 0
  m_Name: PT_Medieval_RightShoulder
  m_TagString: Untagged
  m_Icon: {fileID: 0}
  m_NavMeshLayer: 0
  m_StaticEditorFlags: 0
  m_IsActive: 1
--- !u!4 &7265974701837541360
Transform:
  m_ObjectHideFlags: 0
  m_CorrespondingSourceObject: {fileID: 0}
  m_PrefabInstance: {fileID: 0}
  m_PrefabAsset: {fileID: 0}
  m_GameObject: {fileID: 7259994747192109566}
  m_LocalRotation: {x: -0.41975915, y: 0.57201356, z: 0.43446514, w: 0.5548358}
  m_LocalPosition: {x: 0.065679304, y: 0.065528035, z: -0.0067431717}
  m_LocalScale: {x: 1, y: 1, z: 1}
  m_Children:
  - {fileID: 7265618991471194682}
  m_Father: {fileID: 7263008860966822704}
  m_RootOrder: 7
  m_LocalEulerAnglesHint: {x: 0, y: 0, z: 0}
--- !u!1 &7260025618442074324
GameObject:
  m_ObjectHideFlags: 0
  m_CorrespondingSourceObject: {fileID: 0}
  m_PrefabInstance: {fileID: 0}
  m_PrefabAsset: {fileID: 0}
  serializedVersion: 6
  m_Component:
  - component: {fileID: 7265455916750474486}
  m_Layer: 0
  m_Name: PT_Medieval_LeftHandThumb2
  m_TagString: Untagged
  m_Icon: {fileID: 0}
  m_NavMeshLayer: 0
  m_StaticEditorFlags: 0
  m_IsActive: 1
--- !u!4 &7265455916750474486
Transform:
  m_ObjectHideFlags: 0
  m_CorrespondingSourceObject: {fileID: 0}
  m_PrefabInstance: {fileID: 0}
  m_PrefabAsset: {fileID: 0}
  m_GameObject: {fileID: 7260025618442074324}
  m_LocalRotation: {x: 0.03892264, y: 6.4819217e-18, z: 3.0282728e-17, w: 0.99924225}
  m_LocalPosition: {x: 0.009661474, y: 0.06264963, z: 0.008649425}
  m_LocalScale: {x: 1, y: 1, z: 1}
  m_Children:
  - {fileID: 7262886720795142478}
  m_Father: {fileID: 7265819932506712994}
  m_RootOrder: 0
  m_LocalEulerAnglesHint: {x: 0, y: 0, z: 0}
--- !u!1 &7260046903754012222
GameObject:
  m_ObjectHideFlags: 0
  m_CorrespondingSourceObject: {fileID: 0}
  m_PrefabInstance: {fileID: 0}
  m_PrefabAsset: {fileID: 0}
  serializedVersion: 6
  m_Component:
  - component: {fileID: 7262768864335844036}
  m_Layer: 0
  m_Name: PT_Medieval_RightCape
  m_TagString: Untagged
  m_Icon: {fileID: 0}
  m_NavMeshLayer: 0
  m_StaticEditorFlags: 0
  m_IsActive: 1
--- !u!4 &7262768864335844036
Transform:
  m_ObjectHideFlags: 0
  m_CorrespondingSourceObject: {fileID: 0}
  m_PrefabInstance: {fileID: 0}
  m_PrefabAsset: {fileID: 0}
  m_GameObject: {fileID: 7260046903754012222}
  m_LocalRotation: {x: 0, y: -0, z: -0, w: 1}
  m_LocalPosition: {x: 0.11145995, y: 0.08649874, z: -0.14882901}
  m_LocalScale: {x: 1, y: 1, z: 1}
  m_Children:
  - {fileID: 7265560788961919630}
  m_Father: {fileID: 7263008860966822704}
  m_RootOrder: 6
  m_LocalEulerAnglesHint: {x: 0, y: 0, z: 0}
--- !u!1 &7260059342664273486
GameObject:
  m_ObjectHideFlags: 0
  m_CorrespondingSourceObject: {fileID: 0}
  m_PrefabInstance: {fileID: 0}
  m_PrefabAsset: {fileID: 0}
  serializedVersion: 6
  m_Component:
  - component: {fileID: 7262737111361883142}
  m_Layer: 0
  m_Name: PT_Medieval_RightCape4
  m_TagString: Untagged
  m_Icon: {fileID: 0}
  m_NavMeshLayer: 0
  m_StaticEditorFlags: 0
  m_IsActive: 1
--- !u!4 &7262737111361883142
Transform:
  m_ObjectHideFlags: 0
  m_CorrespondingSourceObject: {fileID: 0}
  m_PrefabInstance: {fileID: 0}
  m_PrefabAsset: {fileID: 0}
  m_GameObject: {fileID: 7260059342664273486}
  m_LocalRotation: {x: 0, y: -0, z: -0, w: 1}
  m_LocalPosition: {x: -0.0011662522, y: -0.32133368, z: -0.037259296}
  m_LocalScale: {x: 1, y: 1, z: 1}
  m_Children: []
  m_Father: {fileID: 7262970590324214082}
  m_RootOrder: 0
  m_LocalEulerAnglesHint: {x: 0, y: 0, z: 0}
--- !u!1 &7260085030422772110
GameObject:
  m_ObjectHideFlags: 0
  m_CorrespondingSourceObject: {fileID: 0}
  m_PrefabInstance: {fileID: 0}
  m_PrefabAsset: {fileID: 0}
  serializedVersion: 6
  m_Component:
  - component: {fileID: 7265500734525208588}
  m_Layer: 0
  m_Name: PT_Medieval_LeftCape4
  m_TagString: Untagged
  m_Icon: {fileID: 0}
  m_NavMeshLayer: 0
  m_StaticEditorFlags: 0
  m_IsActive: 1
--- !u!4 &7265500734525208588
Transform:
  m_ObjectHideFlags: 0
  m_CorrespondingSourceObject: {fileID: 0}
  m_PrefabInstance: {fileID: 0}
  m_PrefabAsset: {fileID: 0}
  m_GameObject: {fileID: 7260085030422772110}
  m_LocalRotation: {x: 0, y: -0, z: -0, w: 1}
  m_LocalPosition: {x: 0.0011659999, y: 0.32133347, z: 0.037259113}
  m_LocalScale: {x: 1, y: 1, z: 1}
  m_Children: []
  m_Father: {fileID: 7263075071842798144}
  m_RootOrder: 0
  m_LocalEulerAnglesHint: {x: 0, y: 0, z: 0}
--- !u!1 &7260116926754317206
GameObject:
  m_ObjectHideFlags: 0
  m_CorrespondingSourceObject: {fileID: 0}
  m_PrefabInstance: {fileID: 0}
  m_PrefabAsset: {fileID: 0}
  serializedVersion: 6
  m_Component:
  - component: {fileID: 7265618991471194682}
  m_Layer: 0
  m_Name: PT_Medieval_RightArm
  m_TagString: Untagged
  m_Icon: {fileID: 0}
  m_NavMeshLayer: 0
  m_StaticEditorFlags: 0
  m_IsActive: 1
--- !u!4 &7265618991471194682
Transform:
  m_ObjectHideFlags: 0
  m_CorrespondingSourceObject: {fileID: 0}
  m_PrefabInstance: {fileID: 0}
  m_PrefabAsset: {fileID: 0}
  m_GameObject: {fileID: 7260116926754317206}
  m_LocalRotation: {x: -0.037783094, y: -0.00013922794, z: 0.0036822709, w: 0.9992792}
  m_LocalPosition: {x: -0.0030670506, y: -0.117158875, z: 0.027578518}
  m_LocalScale: {x: 1, y: 1, z: 1}
  m_Children:
  - {fileID: 7262648898839038488}
  m_Father: {fileID: 7265974701837541360}
  m_RootOrder: 0
  m_LocalEulerAnglesHint: {x: 0, y: 0, z: 0}
--- !u!1 &7260117879566237750
GameObject:
  m_ObjectHideFlags: 0
  m_CorrespondingSourceObject: {fileID: 0}
  m_PrefabInstance: {fileID: 0}
  m_PrefabAsset: {fileID: 0}
  serializedVersion: 6
  m_Component:
  - component: {fileID: 7265809162525259994}
  m_Layer: 0
  m_Name: PT_Medieval_LeftHandMiddle2
  m_TagString: Untagged
  m_Icon: {fileID: 0}
  m_NavMeshLayer: 0
  m_StaticEditorFlags: 0
  m_IsActive: 1
--- !u!4 &7265809162525259994
Transform:
  m_ObjectHideFlags: 0
  m_CorrespondingSourceObject: {fileID: 0}
  m_PrefabInstance: {fileID: 0}
  m_PrefabAsset: {fileID: 0}
  m_GameObject: {fileID: 7260117879566237750}
  m_LocalRotation: {x: 0.11922089, y: -1.8199745e-17, z: 2.97814e-17, w: 0.99286777}
  m_LocalPosition: {x: -0.0010686981, y: 0.043067947, z: -0.0011194815}
  m_LocalScale: {x: 1, y: 1, z: 1}
  m_Children:
  - {fileID: 7265784294768101264}
  m_Father: {fileID: 7262892603005630992}
  m_RootOrder: 0
  m_LocalEulerAnglesHint: {x: 0, y: 0, z: 0}
--- !u!1 &7260121963833079238
GameObject:
  m_ObjectHideFlags: 0
  m_CorrespondingSourceObject: {fileID: 0}
  m_PrefabInstance: {fileID: 0}
  m_PrefabAsset: {fileID: 0}
  serializedVersion: 6
  m_Component:
  - component: {fileID: 7262886720795142478}
  m_Layer: 0
  m_Name: PT_Medieval_LeftHandThumb3
  m_TagString: Untagged
  m_Icon: {fileID: 0}
  m_NavMeshLayer: 0
  m_StaticEditorFlags: 0
  m_IsActive: 1
--- !u!4 &7262886720795142478
Transform:
  m_ObjectHideFlags: 0
  m_CorrespondingSourceObject: {fileID: 0}
  m_PrefabInstance: {fileID: 0}
  m_PrefabAsset: {fileID: 0}
  m_GameObject: {fileID: 7260121963833079238}
  m_LocalRotation: {x: -0.07131409, y: -1.1876182e-17, z: -5.2453137e-17, w: 0.9974539}
  m_LocalPosition: {x: -0.011318104, y: 0.038020674, z: -0.0001404983}
  m_LocalScale: {x: 1, y: 1, z: 1}
  m_Children: []
  m_Father: {fileID: 7265455916750474486}
  m_RootOrder: 0
  m_LocalEulerAnglesHint: {x: 0, y: 0, z: 0}
--- !u!1 &7260122429318773952
GameObject:
  m_ObjectHideFlags: 0
  m_CorrespondingSourceObject: {fileID: 0}
  m_PrefabInstance: {fileID: 0}
  m_PrefabAsset: {fileID: 0}
  serializedVersion: 6
  m_Component:
  - component: {fileID: 7263020584862081212}
  m_Layer: 0
  m_Name: PT_Medieval_RightHandRing1
  m_TagString: Untagged
  m_Icon: {fileID: 0}
  m_NavMeshLayer: 0
  m_StaticEditorFlags: 0
  m_IsActive: 1
--- !u!4 &7263020584862081212
Transform:
  m_ObjectHideFlags: 0
  m_CorrespondingSourceObject: {fileID: 0}
  m_PrefabInstance: {fileID: 0}
  m_PrefabAsset: {fileID: 0}
  m_GameObject: {fileID: 7260122429318773952}
  m_LocalRotation: {x: 0.1255726, y: -0.009746214, z: -0.076765224, w: 0.989062}
  m_LocalPosition: {x: 0.020498825, y: -0.101169415, z: 0.009756999}
  m_LocalScale: {x: 1, y: 1, z: 1}
  m_Children:
  - {fileID: 7262675292258243906}
  m_Father: {fileID: 7265914878138594230}
  m_RootOrder: 4
  m_LocalEulerAnglesHint: {x: 0, y: 0, z: 0}
--- !u!1 &7260125868326329684
GameObject:
  m_ObjectHideFlags: 0
  m_CorrespondingSourceObject: {fileID: 0}
  m_PrefabInstance: {fileID: 0}
  m_PrefabAsset: {fileID: 0}
  serializedVersion: 6
  m_Component:
  - component: {fileID: 7265447462145400730}
  m_Layer: 0
  m_Name: PT_Medieval_Spine
  m_TagString: Untagged
  m_Icon: {fileID: 0}
  m_NavMeshLayer: 0
  m_StaticEditorFlags: 0
  m_IsActive: 1
--- !u!4 &7265447462145400730
Transform:
  m_ObjectHideFlags: 0
  m_CorrespondingSourceObject: {fileID: 0}
  m_PrefabInstance: {fileID: 0}
  m_PrefabAsset: {fileID: 0}
  m_GameObject: {fileID: 7260125868326329684}
  m_LocalRotation: {x: -0.054553226, y: 0, z: -0, w: 0.9985109}
  m_LocalPosition: {x: -0, y: 0.083521955, z: -0.0072031203}
  m_LocalScale: {x: 1, y: 1, z: 1}
  m_Children:
  - {fileID: 7265545602396159686}
  m_Father: {fileID: 7265788387544184590}
  m_RootOrder: 2
  m_LocalEulerAnglesHint: {x: 0, y: 0, z: 0}
--- !u!1 &7260126061822286974
GameObject:
  m_ObjectHideFlags: 0
  m_CorrespondingSourceObject: {fileID: 0}
  m_PrefabInstance: {fileID: 0}
  m_PrefabAsset: {fileID: 0}
  serializedVersion: 6
  m_Component:
  - component: {fileID: 7265474571414121326}
  m_Layer: 0
  m_Name: PT_Medieval_RightHandMiddle2
  m_TagString: Untagged
  m_Icon: {fileID: 0}
  m_NavMeshLayer: 0
  m_StaticEditorFlags: 0
  m_IsActive: 1
--- !u!4 &7265474571414121326
Transform:
  m_ObjectHideFlags: 0
  m_CorrespondingSourceObject: {fileID: 0}
  m_PrefabInstance: {fileID: 0}
  m_PrefabAsset: {fileID: 0}
  m_GameObject: {fileID: 7260126061822286974}
  m_LocalRotation: {x: 0.11922089, y: 2.4817834e-17, z: -6.618089e-17, w: 0.99286777}
  m_LocalPosition: {x: 0.0010686981, y: -0.043067947, z: 0.0011194815}
  m_LocalScale: {x: 1, y: 1, z: 1}
  m_Children:
  - {fileID: 7263043685395870392}
  m_Father: {fileID: 7263013524559526590}
  m_RootOrder: 0
  m_LocalEulerAnglesHint: {x: 0, y: 0, z: 0}
--- !u!1 &7260132874458696716
GameObject:
  m_ObjectHideFlags: 0
  m_CorrespondingSourceObject: {fileID: 0}
  m_PrefabInstance: {fileID: 0}
  m_PrefabAsset: {fileID: 0}
  serializedVersion: 6
  m_Component:
  - component: {fileID: 7263013524559526590}
  m_Layer: 0
  m_Name: PT_Medieval_RightHandMiddle1
  m_TagString: Untagged
  m_Icon: {fileID: 0}
  m_NavMeshLayer: 0
  m_StaticEditorFlags: 0
  m_IsActive: 1
--- !u!4 &7263013524559526590
Transform:
  m_ObjectHideFlags: 0
  m_CorrespondingSourceObject: {fileID: 0}
  m_PrefabInstance: {fileID: 0}
  m_PrefabAsset: {fileID: 0}
  m_GameObject: {fileID: 7260132874458696716}
  m_LocalRotation: {x: 0.07121196, y: -0.0049869064, z: -0.069679745, w: 0.9950119}
  m_LocalPosition: {x: -0.006663853, y: -0.10554572, z: 0.0064793355}
  m_LocalScale: {x: 1, y: 1, z: 1}
  m_Children:
  - {fileID: 7265474571414121326}
  m_Father: {fileID: 7265914878138594230}
  m_RootOrder: 2
  m_LocalEulerAnglesHint: {x: 0, y: 0, z: 0}
--- !u!1 &7260134276721019520
GameObject:
  m_ObjectHideFlags: 0
  m_CorrespondingSourceObject: {fileID: 0}
  m_PrefabInstance: {fileID: 0}
  m_PrefabAsset: {fileID: 0}
  serializedVersion: 6
  m_Component:
  - component: {fileID: 7262839060058926160}
  m_Layer: 0
  m_Name: PT_Medieval_LeftHand
  m_TagString: Untagged
  m_Icon: {fileID: 0}
  m_NavMeshLayer: 0
  m_StaticEditorFlags: 0
  m_IsActive: 1
--- !u!4 &7262839060058926160
Transform:
  m_ObjectHideFlags: 0
  m_CorrespondingSourceObject: {fileID: 0}
  m_PrefabInstance: {fileID: 0}
  m_PrefabAsset: {fileID: 0}
  m_GameObject: {fileID: 7260134276721019520}
  m_LocalRotation: {x: 0.023698648, y: 0.023616062, z: 0.047987886, w: 0.99828744}
  m_LocalPosition: {x: 0.005954175, y: 0.26189423, z: 0.012948267}
  m_LocalScale: {x: 1, y: 1, z: 1}
  m_Children:
  - {fileID: 7265924680226850410}
  - {fileID: 7262892603005630992}
  - {fileID: 7262655054148497070}
  - {fileID: 7265548151297737010}
  - {fileID: 7265819932506712994}
  m_Father: {fileID: 7263145272303015006}
  m_RootOrder: 2
  m_LocalEulerAnglesHint: {x: 0, y: 0, z: 0}
--- !u!1 &7260140494160192124
GameObject:
  m_ObjectHideFlags: 0
  m_CorrespondingSourceObject: {fileID: 0}
  m_PrefabInstance: {fileID: 0}
  m_PrefabAsset: {fileID: 0}
  serializedVersion: 6
  m_Component:
  - component: {fileID: 7265502842861730020}
  m_Layer: 0
  m_Name: PT_Medieval_Large_Shield_slot
  m_TagString: Untagged
  m_Icon: {fileID: 0}
  m_NavMeshLayer: 0
  m_StaticEditorFlags: 0
  m_IsActive: 1
--- !u!4 &7265502842861730020
Transform:
  m_ObjectHideFlags: 0
  m_CorrespondingSourceObject: {fileID: 0}
  m_PrefabInstance: {fileID: 0}
  m_PrefabAsset: {fileID: 0}
  m_GameObject: {fileID: 7260140494160192124}
  m_LocalRotation: {x: 0.65759265, y: 0.6769272, z: 0.29793763, w: -0.1434388}
  m_LocalPosition: {x: -0.0013079803, y: 0.3861415, z: 0.006723735}
  m_LocalScale: {x: 1, y: 1, z: 1}
  m_Children: []
  m_Father: {fileID: 7263145272303015006}
  m_RootOrder: 0
  m_LocalEulerAnglesHint: {x: 0, y: 0, z: 0}
--- !u!1 &7260141120927195734
GameObject:
  m_ObjectHideFlags: 0
  m_CorrespondingSourceObject: {fileID: 0}
  m_PrefabInstance: {fileID: 0}
  m_PrefabAsset: {fileID: 0}
  serializedVersion: 6
  m_Component:
  - component: {fileID: 7265584750248530810}
  m_Layer: 0
  m_Name: PT_Medieval_RightHandThumb1
  m_TagString: Untagged
  m_Icon: {fileID: 0}
  m_NavMeshLayer: 0
  m_StaticEditorFlags: 0
  m_IsActive: 1
--- !u!4 &7265584750248530810
Transform:
  m_ObjectHideFlags: 0
  m_CorrespondingSourceObject: {fileID: 0}
  m_PrefabInstance: {fileID: 0}
  m_PrefabAsset: {fileID: 0}
  m_GameObject: {fileID: 7260141120927195734}
  m_LocalRotation: {x: 0.1668042, y: -0.049394056, z: -0.27960354, w: 0.94422376}
  m_LocalPosition: {x: -0.03964193, y: -0.032029193, z: -0.01762394}
  m_LocalScale: {x: 1, y: 1, z: 1}
  m_Children:
  - {fileID: 7265815475296911814}
  m_Father: {fileID: 7265914878138594230}
  m_RootOrder: 5
  m_LocalEulerAnglesHint: {x: 0, y: 0, z: 0}
--- !u!1 &7260147136044475842
GameObject:
  m_ObjectHideFlags: 0
  m_CorrespondingSourceObject: {fileID: 0}
  m_PrefabInstance: {fileID: 0}
  m_PrefabAsset: {fileID: 0}
  serializedVersion: 6
  m_Component:
  - component: {fileID: 7262675292258243906}
  m_Layer: 0
  m_Name: PT_Medieval_RightHandRing2
  m_TagString: Untagged
  m_Icon: {fileID: 0}
  m_NavMeshLayer: 0
  m_StaticEditorFlags: 0
  m_IsActive: 1
--- !u!4 &7262675292258243906
Transform:
  m_ObjectHideFlags: 0
  m_CorrespondingSourceObject: {fileID: 0}
  m_PrefabInstance: {fileID: 0}
  m_PrefabAsset: {fileID: 0}
  m_GameObject: {fileID: 7260147136044475842}
  m_LocalRotation: {x: 0.047358066, y: -2.7603457e-17, z: -1.8402305e-17, w: 0.998878}
  m_LocalPosition: {x: 0.0044584293, y: -0.040057946, z: 0.0016473437}
  m_LocalScale: {x: 1, y: 1, z: 1}
  m_Children:
  - {fileID: 7265767111543968514}
  m_Father: {fileID: 7263020584862081212}
  m_RootOrder: 0
  m_LocalEulerAnglesHint: {x: 0, y: 0, z: 0}
--- !u!1 &7260147417378637544
GameObject:
  m_ObjectHideFlags: 0
  m_CorrespondingSourceObject: {fileID: 0}
  m_PrefabInstance: {fileID: 0}
  m_PrefabAsset: {fileID: 0}
  serializedVersion: 6
  m_Component:
  - component: {fileID: 7265598133844428358}
  m_Layer: 0
  m_Name: PT_Medieval_LeftUpLeg
  m_TagString: Untagged
  m_Icon: {fileID: 0}
  m_NavMeshLayer: 0
  m_StaticEditorFlags: 0
  m_IsActive: 1
--- !u!4 &7265598133844428358
Transform:
  m_ObjectHideFlags: 0
  m_CorrespondingSourceObject: {fileID: 0}
  m_PrefabInstance: {fileID: 0}
  m_PrefabAsset: {fileID: 0}
  m_GameObject: {fileID: 7260147417378637544}
  m_LocalRotation: {x: -0.0002212346, y: 0.00899881, z: 0.99965745, w: 0.024576448}
  m_LocalPosition: {x: -0.073511474, y: -0.09832772, z: -0.011281601}
  m_LocalScale: {x: 1, y: 1, z: 1}
  m_Children:
  - {fileID: 7265561233716289792}
  - {fileID: 7265756343697443492}
  m_Father: {fileID: 7265788387544184590}
  m_RootOrder: 0
  m_LocalEulerAnglesHint: {x: 0, y: 0, z: 0}
--- !u!1 &7260205824268842322
GameObject:
  m_ObjectHideFlags: 0
  m_CorrespondingSourceObject: {fileID: 0}
  m_PrefabInstance: {fileID: 0}
  m_PrefabAsset: {fileID: 0}
  serializedVersion: 6
  m_Component:
  - component: {fileID: 7265560788961919630}
  m_Layer: 0
  m_Name: PT_Medieval_RightCape2
  m_TagString: Untagged
  m_Icon: {fileID: 0}
  m_NavMeshLayer: 0
  m_StaticEditorFlags: 0
  m_IsActive: 1
--- !u!4 &7265560788961919630
Transform:
  m_ObjectHideFlags: 0
  m_CorrespondingSourceObject: {fileID: 0}
  m_PrefabInstance: {fileID: 0}
  m_PrefabAsset: {fileID: 0}
  m_GameObject: {fileID: 7260205824268842322}
  m_LocalRotation: {x: 0, y: -0, z: -0, w: 1}
  m_LocalPosition: {x: -0.008249855, y: -0.36404067, z: -0.047081027}
  m_LocalScale: {x: 1, y: 1, z: 1}
  m_Children:
  - {fileID: 7262970590324214082}
  m_Father: {fileID: 7262768864335844036}
  m_RootOrder: 0
  m_LocalEulerAnglesHint: {x: 0, y: 0, z: 0}
--- !u!1 &7260205880160748582
GameObject:
  m_ObjectHideFlags: 0
  m_CorrespondingSourceObject: {fileID: 0}
  m_PrefabInstance: {fileID: 0}
  m_PrefabAsset: {fileID: 0}
  serializedVersion: 6
  m_Component:
  - component: {fileID: 7265804685715780948}
  m_Layer: 0
  m_Name: PT_Medieval_Neck
  m_TagString: Untagged
  m_Icon: {fileID: 0}
  m_NavMeshLayer: 0
  m_StaticEditorFlags: 0
  m_IsActive: 1
--- !u!4 &7265804685715780948
Transform:
  m_ObjectHideFlags: 0
  m_CorrespondingSourceObject: {fileID: 0}
  m_PrefabInstance: {fileID: 0}
  m_PrefabAsset: {fileID: 0}
  m_GameObject: {fileID: 7260205880160748582}
  m_LocalRotation: {x: 0.05455322, y: -0, z: -0, w: 0.9985109}
  m_LocalPosition: {x: -0, y: 0.13004813, z: -0.00507156}
  m_LocalScale: {x: 1, y: 1, z: 1}
  m_Children:
  - {fileID: 7262803942939878718}
  m_Father: {fileID: 7263008860966822704}
  m_RootOrder: 4
  m_LocalEulerAnglesHint: {x: 0, y: 0, z: 0}
--- !u!1 &7260208417504240698
GameObject:
  m_ObjectHideFlags: 0
  m_CorrespondingSourceObject: {fileID: 0}
  m_PrefabInstance: {fileID: 0}
  m_PrefabAsset: {fileID: 0}
  serializedVersion: 6
  m_Component:
  - component: {fileID: 7265561233716289792}
  m_Layer: 0
  m_Name: PT_Medieval_LeftLeg
  m_TagString: Untagged
  m_Icon: {fileID: 0}
  m_NavMeshLayer: 0
  m_StaticEditorFlags: 0
  m_IsActive: 1
--- !u!4 &7265561233716289792
Transform:
  m_ObjectHideFlags: 0
  m_CorrespondingSourceObject: {fileID: 0}
  m_PrefabInstance: {fileID: 0}
  m_PrefabAsset: {fileID: 0}
  m_GameObject: {fileID: 7260208417504240698}
  m_LocalRotation: {x: -0.021330472, y: -0.00066280883, z: 0.03105127, w: 0.99929}
  m_LocalPosition: {x: 0.0025026714, y: 0.42045552, z: 0.004834262}
  m_LocalScale: {x: 1, y: 1, z: 1}
  m_Children:
  - {fileID: 7262635279175744030}
  m_Father: {fileID: 7265598133844428358}
  m_RootOrder: 0
  m_LocalEulerAnglesHint: {x: 0, y: 0, z: 0}
--- !u!1 &7260218142231551906
GameObject:
  m_ObjectHideFlags: 0
  m_CorrespondingSourceObject: {fileID: 0}
  m_PrefabInstance: {fileID: 0}
  m_PrefabAsset: {fileID: 0}
  serializedVersion: 6
  m_Component:
  - component: {fileID: 7265490430931122454}
  m_Layer: 0
  m_Name: PT_Medieval_Left_Hand_Weapon_slot
  m_TagString: Untagged
  m_Icon: {fileID: 0}
  m_NavMeshLayer: 0
  m_StaticEditorFlags: 0
  m_IsActive: 1
--- !u!4 &7265490430931122454
Transform:
  m_ObjectHideFlags: 0
  m_CorrespondingSourceObject: {fileID: 0}
  m_PrefabInstance: {fileID: 0}
  m_PrefabAsset: {fileID: 0}
  m_GameObject: {fileID: 7260218142231551906}
  m_LocalRotation: {x: -0.17130929, y: 0.18552163, z: 0.7135279, w: 0.65353864}
  m_LocalPosition: {x: 0.018119566, y: 0.36452866, z: 0.023123274}
  m_LocalScale: {x: 1, y: 1, z: 1}
  m_Children: []
  m_Father: {fileID: 7263145272303015006}
  m_RootOrder: 1
  m_LocalEulerAnglesHint: {x: 0, y: 0, z: 0}
--- !u!1 &7260230447233955832
GameObject:
  m_ObjectHideFlags: 0
  m_CorrespondingSourceObject: {fileID: 0}
  m_PrefabInstance: {fileID: 0}
  m_PrefabAsset: {fileID: 0}
  serializedVersion: 6
  m_Component:
  - component: {fileID: 7265950681411641082}
  m_Layer: 0
  m_Name: PT_Medieval_LeftShoulder
  m_TagString: Untagged
  m_Icon: {fileID: 0}
  m_NavMeshLayer: 0
  m_StaticEditorFlags: 0
  m_IsActive: 1
--- !u!4 &7265950681411641082
Transform:
  m_ObjectHideFlags: 0
  m_CorrespondingSourceObject: {fileID: 0}
  m_PrefabInstance: {fileID: 0}
  m_PrefabAsset: {fileID: 0}
  m_GameObject: {fileID: 7260230447233955832}
  m_LocalRotation: {x: 0.5548358, y: -0.43446514, z: 0.57201356, w: 0.41975915}
  m_LocalPosition: {x: -0.065679304, y: 0.065528035, z: -0.0067431717}
  m_LocalScale: {x: 1, y: 1, z: 1}
  m_Children:
  - {fileID: 7262976354100375286}
  m_Father: {fileID: 7263008860966822704}
  m_RootOrder: 1
  m_LocalEulerAnglesHint: {x: 0, y: 0, z: 0}
--- !u!1 &7260241073066783094
GameObject:
  m_ObjectHideFlags: 0
  m_CorrespondingSourceObject: {fileID: 0}
  m_PrefabInstance: {fileID: 0}
  m_PrefabAsset: {fileID: 0}
  serializedVersion: 6
  m_Component:
  - component: {fileID: 7263117911317042488}
  m_Layer: 0
  m_Name: PT_Medieval_RightHandIndex2
  m_TagString: Untagged
  m_Icon: {fileID: 0}
  m_NavMeshLayer: 0
  m_StaticEditorFlags: 0
  m_IsActive: 1
--- !u!4 &7263117911317042488
Transform:
  m_ObjectHideFlags: 0
  m_CorrespondingSourceObject: {fileID: 0}
  m_PrefabInstance: {fileID: 0}
  m_PrefabAsset: {fileID: 0}
  m_GameObject: {fileID: 7260241073066783094}
  m_LocalRotation: {x: 0.09512609, y: 1.3201397e-18, z: -2.9043072e-17, w: 0.9954652}
  m_LocalPosition: {x: -0.00096788263, y: -0.042752422, z: 0.0010528902}
  m_LocalScale: {x: 1, y: 1, z: 1}
  m_Children:
  - {fileID: 7262875358663787832}
  m_Father: {fileID: 7263174465074014764}
  m_RootOrder: 0
  m_LocalEulerAnglesHint: {x: 0, y: 0, z: 0}
--- !u!1 &7260254718045822468
GameObject:
  m_ObjectHideFlags: 0
  m_CorrespondingSourceObject: {fileID: 0}
  m_PrefabInstance: {fileID: 0}
  m_PrefabAsset: {fileID: 0}
  serializedVersion: 6
  m_Component:
  - component: {fileID: 7265585933082322136}
  m_Layer: 0
  m_Name: PT_Medieval_Long_Bow_slot
  m_TagString: Untagged
  m_Icon: {fileID: 0}
  m_NavMeshLayer: 0
  m_StaticEditorFlags: 0
  m_IsActive: 1
--- !u!4 &7265585933082322136
Transform:
  m_ObjectHideFlags: 0
  m_CorrespondingSourceObject: {fileID: 0}
  m_PrefabInstance: {fileID: 0}
  m_PrefabAsset: {fileID: 0}
  m_GameObject: {fileID: 7260254718045822468}
  m_LocalRotation: {x: 0.2194514, y: 0.8995495, z: 0.10542872, w: -0.36267993}
  m_LocalPosition: {x: -0.09740666, y: -0.03240751, z: -0.15668702}
  m_LocalScale: {x: 1, y: 1, z: 1}
  m_Children: []
  m_Father: {fileID: 7263008860966822704}
  m_RootOrder: 2
  m_LocalEulerAnglesHint: {x: 0, y: 0, z: 0}
--- !u!1 &7260264230063012540
GameObject:
  m_ObjectHideFlags: 0
  m_CorrespondingSourceObject: {fileID: 0}
  m_PrefabInstance: {fileID: 0}
  m_PrefabAsset: {fileID: 0}
  serializedVersion: 6
  m_Component:
  - component: {fileID: 7265815475296911814}
  m_Layer: 0
  m_Name: PT_Medieval_RightHandThumb2
  m_TagString: Untagged
  m_Icon: {fileID: 0}
  m_NavMeshLayer: 0
  m_StaticEditorFlags: 0
  m_IsActive: 1
--- !u!4 &7265815475296911814
Transform:
  m_ObjectHideFlags: 0
  m_CorrespondingSourceObject: {fileID: 0}
  m_PrefabInstance: {fileID: 0}
  m_PrefabAsset: {fileID: 0}
  m_GameObject: {fileID: 7260264230063012540}
  m_LocalRotation: {x: 0.03892264, y: -3.889153e-17, z: -9.874803e-17, w: 0.99924225}
  m_LocalPosition: {x: -0.009661474, y: -0.06264963, z: -0.008649425}
  m_LocalScale: {x: 1, y: 1, z: 1}
  m_Children:
  - {fileID: 7265505059816511300}
  m_Father: {fileID: 7265584750248530810}
  m_RootOrder: 0
  m_LocalEulerAnglesHint: {x: 0, y: 0, z: 0}
--- !u!1 &7260285770650645214
GameObject:
  m_ObjectHideFlags: 0
  m_CorrespondingSourceObject: {fileID: 0}
  m_PrefabInstance: {fileID: 0}
  m_PrefabAsset: {fileID: 0}
  serializedVersion: 6
  m_Component:
  - component: {fileID: 7265788387544184590}
  m_Layer: 0
  m_Name: PT_Medieval_Hips
  m_TagString: Untagged
  m_Icon: {fileID: 0}
  m_NavMeshLayer: 0
  m_StaticEditorFlags: 0
  m_IsActive: 1
--- !u!4 &7265788387544184590
Transform:
  m_ObjectHideFlags: 0
  m_CorrespondingSourceObject: {fileID: 0}
  m_PrefabInstance: {fileID: 0}
  m_PrefabAsset: {fileID: 0}
  m_GameObject: {fileID: 7260285770650645214}
  m_LocalRotation: {x: 0, y: -0, z: -0, w: 1}
  m_LocalPosition: {x: -0, y: 1.0312524, z: 0.018636022}
  m_LocalScale: {x: 1, y: 1, z: 1}
  m_Children:
  - {fileID: 7265598133844428358}
  - {fileID: 7265632765052588626}
  - {fileID: 7265447462145400730}
  m_Father: {fileID: 4381975792248267884}
  m_RootOrder: 0
  m_LocalEulerAnglesHint: {x: 0, y: 0, z: 0}
--- !u!1 &7260302849977426866
GameObject:
  m_ObjectHideFlags: 0
  m_CorrespondingSourceObject: {fileID: 0}
  m_PrefabInstance: {fileID: 0}
  m_PrefabAsset: {fileID: 0}
  serializedVersion: 6
  m_Component:
  - component: {fileID: 7265914878138594230}
  m_Layer: 0
  m_Name: PT_Medieval_RightHand
  m_TagString: Untagged
  m_Icon: {fileID: 0}
  m_NavMeshLayer: 0
  m_StaticEditorFlags: 0
  m_IsActive: 1
--- !u!4 &7265914878138594230
Transform:
  m_ObjectHideFlags: 0
  m_CorrespondingSourceObject: {fileID: 0}
  m_PrefabInstance: {fileID: 0}
  m_PrefabAsset: {fileID: 0}
  m_GameObject: {fileID: 7260302849977426866}
  m_LocalRotation: {x: 0.023698648, y: 0.023616062, z: 0.047987886, w: 0.99828744}
  m_LocalPosition: {x: -0.005954667, y: -0.26189443, z: -0.0129441675}
  m_LocalScale: {x: 1, y: 1, z: 1}
  m_Children:
  - {fileID: 7265834130777520430}
  - {fileID: 7263174465074014764}
  - {fileID: 7263013524559526590}
  - {fileID: 7263016209379405658}
  - {fileID: 7263020584862081212}
  - {fileID: 7265584750248530810}
  m_Father: {fileID: 7262648898839038488}
  m_RootOrder: 0
  m_LocalEulerAnglesHint: {x: 0, y: 0, z: 0}
--- !u!1 &7260319974419339804
GameObject:
  m_ObjectHideFlags: 0
  m_CorrespondingSourceObject: {fileID: 0}
  m_PrefabInstance: {fileID: 0}
  m_PrefabAsset: {fileID: 0}
  serializedVersion: 6
  m_Component:
  - component: {fileID: 7265505059816511300}
  m_Layer: 0
  m_Name: PT_Medieval_RightHandThumb3
  m_TagString: Untagged
  m_Icon: {fileID: 0}
  m_NavMeshLayer: 0
  m_StaticEditorFlags: 0
  m_IsActive: 1
--- !u!4 &7265505059816511300
Transform:
  m_ObjectHideFlags: 0
  m_CorrespondingSourceObject: {fileID: 0}
  m_PrefabInstance: {fileID: 0}
  m_PrefabAsset: {fileID: 0}
  m_GameObject: {fileID: 7260319974419339804}
  m_LocalRotation: {x: -0.07131409, y: 9.5009456e-17, z: 1.7368916e-16, w: 0.9974539}
  m_LocalPosition: {x: 0.011318104, y: -0.038020674, z: 0.0001404983}
  m_LocalScale: {x: 1, y: 1, z: 1}
  m_Children: []
  m_Father: {fileID: 7265815475296911814}
  m_RootOrder: 0
  m_LocalEulerAnglesHint: {x: 0, y: 0, z: 0}
--- !u!1 &7260333126219950304
GameObject:
  m_ObjectHideFlags: 0
  m_CorrespondingSourceObject: {fileID: 0}
  m_PrefabInstance: {fileID: 0}
  m_PrefabAsset: {fileID: 0}
  serializedVersion: 6
  m_Component:
  - component: {fileID: 7265625001104280110}
  m_Layer: 0
  m_Name: PT_Medieval_HeadTop
  m_TagString: Untagged
  m_Icon: {fileID: 0}
  m_NavMeshLayer: 0
  m_StaticEditorFlags: 0
  m_IsActive: 1
--- !u!4 &7265625001104280110
Transform:
  m_ObjectHideFlags: 0
  m_CorrespondingSourceObject: {fileID: 0}
  m_PrefabInstance: {fileID: 0}
  m_PrefabAsset: {fileID: 0}
  m_GameObject: {fileID: 7260333126219950304}
  m_LocalRotation: {x: 0, y: -0, z: -0, w: 1}
  m_LocalPosition: {x: -0, y: 0.20320207, z: 0.014664958}
  m_LocalScale: {x: 1, y: 1, z: 1}
  m_Children: []
  m_Father: {fileID: 7262803942939878718}
  m_RootOrder: 0
  m_LocalEulerAnglesHint: {x: 0, y: 0, z: 0}
--- !u!1 &7260342918824981036
GameObject:
  m_ObjectHideFlags: 0
  m_CorrespondingSourceObject: {fileID: 0}
  m_PrefabInstance: {fileID: 0}
  m_PrefabAsset: {fileID: 0}
  serializedVersion: 6
  m_Component:
  - component: {fileID: 7265545602396159686}
  m_Layer: 0
  m_Name: PT_Medieval_Spine2
  m_TagString: Untagged
  m_Icon: {fileID: 0}
  m_NavMeshLayer: 0
  m_StaticEditorFlags: 0
  m_IsActive: 1
--- !u!4 &7265545602396159686
Transform:
  m_ObjectHideFlags: 0
  m_CorrespondingSourceObject: {fileID: 0}
  m_PrefabInstance: {fileID: 0}
  m_PrefabAsset: {fileID: 0}
  m_GameObject: {fileID: 7260342918824981036}
  m_LocalRotation: {x: 0, y: -0, z: -0, w: 1}
  m_LocalPosition: {x: -0, y: 0.117735796, z: -0.003096688}
  m_LocalScale: {x: 1, y: 1, z: 1}
  m_Children:
  - {fileID: 7263008860966822704}
  m_Father: {fileID: 7265447462145400730}
  m_RootOrder: 0
  m_LocalEulerAnglesHint: {x: 0, y: 0, z: 0}
--- !u!1 &7260343621179080064
GameObject:
  m_ObjectHideFlags: 0
  m_CorrespondingSourceObject: {fileID: 0}
  m_PrefabInstance: {fileID: 0}
  m_PrefabAsset: {fileID: 0}
  serializedVersion: 6
  m_Component:
  - component: {fileID: 7263088288253570078}
  m_Layer: 0
  m_Name: PT_Medieval_Medium_Shield_slot
  m_TagString: Untagged
  m_Icon: {fileID: 0}
  m_NavMeshLayer: 0
  m_StaticEditorFlags: 0
  m_IsActive: 1
--- !u!4 &7263088288253570078
Transform:
  m_ObjectHideFlags: 0
  m_CorrespondingSourceObject: {fileID: 0}
  m_PrefabInstance: {fileID: 0}
  m_PrefabAsset: {fileID: 0}
  m_GameObject: {fileID: 7260343621179080064}
  m_LocalRotation: {x: 0.70922714, y: 0.69002116, z: 0.14373107, w: 0.014462543}
  m_LocalPosition: {x: 0.00076269294, y: 0.35668075, z: -0.003686358}
  m_LocalScale: {x: 1, y: 1, z: 1}
  m_Children: []
  m_Father: {fileID: 7263145272303015006}
  m_RootOrder: 3
  m_LocalEulerAnglesHint: {x: 0, y: 0, z: 0}
--- !u!1 &7260346923253158796
GameObject:
  m_ObjectHideFlags: 0
  m_CorrespondingSourceObject: {fileID: 0}
  m_PrefabInstance: {fileID: 0}
  m_PrefabAsset: {fileID: 0}
  serializedVersion: 6
  m_Component:
  - component: {fileID: 7265784294768101264}
  m_Layer: 0
  m_Name: PT_Medieval_LeftHandMiddle3
  m_TagString: Untagged
  m_Icon: {fileID: 0}
  m_NavMeshLayer: 0
  m_StaticEditorFlags: 0
  m_IsActive: 1
--- !u!4 &7265784294768101264
Transform:
  m_ObjectHideFlags: 0
  m_CorrespondingSourceObject: {fileID: 0}
  m_PrefabInstance: {fileID: 0}
  m_PrefabAsset: {fileID: 0}
  m_GameObject: {fileID: 7260346923253158796}
  m_LocalRotation: {x: 0.045742024, y: -2.5391924e-18, z: 1.3965558e-17, w: 0.9989533}
  m_LocalPosition: {x: -0.0023735352, y: 0.03550315, z: 0.0069762617}
  m_LocalScale: {x: 1, y: 1, z: 1}
  m_Children: []
  m_Father: {fileID: 7265809162525259994}
  m_RootOrder: 0
  m_LocalEulerAnglesHint: {x: 0, y: 0, z: 0}
--- !u!1 &7260429222418981148
GameObject:
  m_ObjectHideFlags: 0
  m_CorrespondingSourceObject: {fileID: 0}
  m_PrefabInstance: {fileID: 0}
  m_PrefabAsset: {fileID: 0}
  serializedVersion: 6
  m_Component:
  - component: {fileID: 7263130409692566232}
  m_Layer: 0
  m_Name: PT_Medieval_LeftHandRing3
  m_TagString: Untagged
  m_Icon: {fileID: 0}
  m_NavMeshLayer: 0
  m_StaticEditorFlags: 0
  m_IsActive: 1
--- !u!4 &7263130409692566232
Transform:
  m_ObjectHideFlags: 0
  m_CorrespondingSourceObject: {fileID: 0}
  m_PrefabInstance: {fileID: 0}
  m_PrefabAsset: {fileID: 0}
  m_GameObject: {fileID: 7260429222418981148}
  m_LocalRotation: {x: 0.041252065, y: -2.2899496e-18, z: 1.2594723e-17, w: 0.9991488}
  m_LocalPosition: {x: -0.0034183944, y: 0.036755756, z: 0.003168397}
  m_LocalScale: {x: 1, y: 1, z: 1}
  m_Children: []
  m_Father: {fileID: 7262665455324582372}
  m_RootOrder: 0
  m_LocalEulerAnglesHint: {x: 0, y: 0, z: 0}
--- !u!1 &7260652659473286692
GameObject:
  m_ObjectHideFlags: 0
  m_CorrespondingSourceObject: {fileID: 0}
  m_PrefabInstance: {fileID: 0}
  m_PrefabAsset: {fileID: 0}
  serializedVersion: 6
  m_Component:
  - component: {fileID: 7263055657028614558}
  m_Layer: 0
  m_Name: PT_Medieval_RightFoot
  m_TagString: Untagged
  m_Icon: {fileID: 0}
  m_NavMeshLayer: 0
  m_StaticEditorFlags: 0
  m_IsActive: 1
--- !u!4 &7263055657028614558
Transform:
  m_ObjectHideFlags: 0
  m_CorrespondingSourceObject: {fileID: 0}
  m_PrefabInstance: {fileID: 0}
  m_PrefabAsset: {fileID: 0}
  m_GameObject: {fileID: 7260652659473286692}
  m_LocalRotation: {x: 0.4818592, y: -0.0007733488, z: 0.0004252736, w: 0.87624824}
  m_LocalPosition: {x: 0.000060474285, y: 0.4042705, z: -0.013081952}
  m_LocalScale: {x: 1, y: 1, z: 1}
  m_Children:
  - {fileID: 7262838848516736784}
  m_Father: {fileID: 7262685363783122192}
  m_RootOrder: 0
  m_LocalEulerAnglesHint: {x: 0, y: 0, z: 0}
--- !u!1 &7260669618326638608
GameObject:
  m_ObjectHideFlags: 0
  m_CorrespondingSourceObject: {fileID: 0}
  m_PrefabInstance: {fileID: 0}
  m_PrefabAsset: {fileID: 0}
  serializedVersion: 6
  m_Component:
  - component: {fileID: 7262655054148497070}
  m_Layer: 0
  m_Name: PT_Medieval_LeftHandPinky1
  m_TagString: Untagged
  m_Icon: {fileID: 0}
  m_NavMeshLayer: 0
  m_StaticEditorFlags: 0
  m_IsActive: 1
--- !u!4 &7262655054148497070
Transform:
  m_ObjectHideFlags: 0
  m_CorrespondingSourceObject: {fileID: 0}
  m_PrefabInstance: {fileID: 0}
  m_PrefabAsset: {fileID: 0}
  m_GameObject: {fileID: 7260669618326638608}
  m_LocalRotation: {x: 0.20583394, y: 0.0075915214, z: 0.036066417, w: 0.97789264}
  m_LocalPosition: {x: -0.042899612, y: 0.094950385, z: -0.0031276178}
  m_LocalScale: {x: 1, y: 1, z: 1}
  m_Children:
  - {fileID: 7262811619292596908}
  m_Father: {fileID: 7262839060058926160}
  m_RootOrder: 2
  m_LocalEulerAnglesHint: {x: 0, y: 0, z: 0}
--- !u!1 &7260676914115716322
GameObject:
  m_ObjectHideFlags: 0
  m_CorrespondingSourceObject: {fileID: 0}
  m_PrefabInstance: {fileID: 0}
  m_PrefabAsset: {fileID: 0}
  serializedVersion: 6
  m_Component:
  - component: {fileID: 7265632765052588626}
  m_Layer: 0
  m_Name: PT_Medieval_RightUpLeg
  m_TagString: Untagged
  m_Icon: {fileID: 0}
  m_NavMeshLayer: 0
  m_StaticEditorFlags: 0
  m_IsActive: 1
--- !u!4 &7265632765052588626
Transform:
  m_ObjectHideFlags: 0
  m_CorrespondingSourceObject: {fileID: 0}
  m_PrefabInstance: {fileID: 0}
  m_PrefabAsset: {fileID: 0}
  m_GameObject: {fileID: 7260676914115716322}
  m_LocalRotation: {x: 0.00016803626, y: 0.006834478, z: 0.99967456, w: -0.024578555}
  m_LocalPosition: {x: 0.073511474, y: -0.09832772, z: -0.010343302}
  m_LocalScale: {x: 1, y: 1, z: 1}
  m_Children:
  - {fileID: 7262685363783122192}
  - {fileID: 7262681269878861776}
  m_Father: {fileID: 7265788387544184590}
  m_RootOrder: 1
  m_LocalEulerAnglesHint: {x: 0, y: 0, z: 0}
--- !u!1 &7260709123063550964
GameObject:
  m_ObjectHideFlags: 0
  m_CorrespondingSourceObject: {fileID: 0}
  m_PrefabInstance: {fileID: 0}
  m_PrefabAsset: {fileID: 0}
  serializedVersion: 6
  m_Component:
  - component: {fileID: 7262976354100375286}
  m_Layer: 0
  m_Name: PT_Medieval_LeftArm
  m_TagString: Untagged
  m_Icon: {fileID: 0}
  m_NavMeshLayer: 0
  m_StaticEditorFlags: 0
  m_IsActive: 1
--- !u!4 &7262976354100375286
Transform:
  m_ObjectHideFlags: 0
  m_CorrespondingSourceObject: {fileID: 0}
  m_PrefabInstance: {fileID: 0}
  m_PrefabAsset: {fileID: 0}
  m_GameObject: {fileID: 7260709123063550964}
  m_LocalRotation: {x: -0.037783094, y: -0.00013922794, z: 0.0036822709, w: 0.9992792}
  m_LocalPosition: {x: 0.0030670506, y: 0.117158875, z: -0.027578518}
  m_LocalScale: {x: 1, y: 1, z: 1}
  m_Children:
  - {fileID: 7263145272303015006}
  m_Father: {fileID: 7265950681411641082}
  m_RootOrder: 0
  m_LocalEulerAnglesHint: {x: 0, y: 0, z: 0}
--- !u!1 &7260720183464681332
GameObject:
  m_ObjectHideFlags: 0
  m_CorrespondingSourceObject: {fileID: 0}
  m_PrefabInstance: {fileID: 0}
  m_PrefabAsset: {fileID: 0}
  serializedVersion: 6
  m_Component:
  - component: {fileID: 7263008860966822704}
  m_Layer: 0
  m_Name: PT_Medieval_Spine3
  m_TagString: Untagged
  m_Icon: {fileID: 0}
  m_NavMeshLayer: 0
  m_StaticEditorFlags: 0
  m_IsActive: 1
--- !u!4 &7263008860966822704
Transform:
  m_ObjectHideFlags: 0
  m_CorrespondingSourceObject: {fileID: 0}
  m_PrefabInstance: {fileID: 0}
  m_PrefabAsset: {fileID: 0}
  m_GameObject: {fileID: 7260720183464681332}
  m_LocalRotation: {x: 0, y: -0, z: -0, w: 1}
  m_LocalPosition: {x: -0, y: 0.0919023, z: -0.012949092}
  m_LocalScale: {x: 1, y: 1, z: 1}
  m_Children:
  - {fileID: 7265733473634125486}
  - {fileID: 7265950681411641082}
  - {fileID: 7265585933082322136}
  - {fileID: 7263024677913844688}
  - {fileID: 7265804685715780948}
  - {fileID: 7262835980743836298}
  - {fileID: 7262768864335844036}
  - {fileID: 7265974701837541360}
  m_Father: {fileID: 7265545602396159686}
  m_RootOrder: 0
  m_LocalEulerAnglesHint: {x: 0, y: 0, z: 0}
--- !u!1 &7260733926649959188
GameObject:
  m_ObjectHideFlags: 0
  m_CorrespondingSourceObject: {fileID: 0}
  m_PrefabInstance: {fileID: 0}
  m_PrefabAsset: {fileID: 0}
  serializedVersion: 6
  m_Component:
  - component: {fileID: 7265449309379787300}
  m_Layer: 0
  m_Name: PT_Medieval_Small_Shield_slot
  m_TagString: Untagged
  m_Icon: {fileID: 0}
  m_NavMeshLayer: 0
  m_StaticEditorFlags: 0
  m_IsActive: 1
--- !u!4 &7265449309379787300
Transform:
  m_ObjectHideFlags: 0
  m_CorrespondingSourceObject: {fileID: 0}
  m_PrefabInstance: {fileID: 0}
  m_PrefabAsset: {fileID: 0}
  m_GameObject: {fileID: 7260733926649959188}
  m_LocalRotation: {x: 0.71049285, y: 0.6963923, z: 0.07626676, w: -0.06649098}
  m_LocalPosition: {x: -0.008307497, y: 0.34597674, z: 0.002939763}
  m_LocalScale: {x: 1, y: 1, z: 1}
  m_Children: []
  m_Father: {fileID: 7263145272303015006}
  m_RootOrder: 4
  m_LocalEulerAnglesHint: {x: 0, y: 0, z: 0}
--- !u!1 &7260758814880011194
GameObject:
  m_ObjectHideFlags: 0
  m_CorrespondingSourceObject: {fileID: 0}
  m_PrefabInstance: {fileID: 0}
  m_PrefabAsset: {fileID: 0}
  serializedVersion: 6
  m_Component:
  - component: {fileID: 7262970590324214082}
  m_Layer: 0
  m_Name: PT_Medieval_RightCape3
  m_TagString: Untagged
  m_Icon: {fileID: 0}
  m_NavMeshLayer: 0
  m_StaticEditorFlags: 0
  m_IsActive: 1
--- !u!4 &7262970590324214082
Transform:
  m_ObjectHideFlags: 0
  m_CorrespondingSourceObject: {fileID: 0}
  m_PrefabInstance: {fileID: 0}
  m_PrefabAsset: {fileID: 0}
  m_GameObject: {fileID: 7260758814880011194}
  m_LocalRotation: {x: 0, y: -0, z: -0, w: 1}
  m_LocalPosition: {x: 0.005683145, y: -0.35933653, z: -0.0360173}
  m_LocalScale: {x: 1, y: 1, z: 1}
  m_Children:
  - {fileID: 7262737111361883142}
  m_Father: {fileID: 7265560788961919630}
  m_RootOrder: 0
  m_LocalEulerAnglesHint: {x: 0, y: 0, z: 0}
--- !u!1 &7260776573711757280
GameObject:
  m_ObjectHideFlags: 0
  m_CorrespondingSourceObject: {fileID: 0}
  m_PrefabInstance: {fileID: 0}
  m_PrefabAsset: {fileID: 0}
  serializedVersion: 6
  m_Component:
  - component: {fileID: 7263043685395870392}
  m_Layer: 0
  m_Name: PT_Medieval_RightHandMiddle3
  m_TagString: Untagged
  m_Icon: {fileID: 0}
  m_NavMeshLayer: 0
  m_StaticEditorFlags: 0
  m_IsActive: 1
--- !u!4 &7263043685395870392
Transform:
  m_ObjectHideFlags: 0
  m_CorrespondingSourceObject: {fileID: 0}
  m_PrefabInstance: {fileID: 0}
  m_PrefabAsset: {fileID: 0}
  m_GameObject: {fileID: 7260776573711757280}
  m_LocalRotation: {x: 0.045742024, y: 5.078385e-18, z: -2.5391925e-17, w: 0.9989533}
  m_LocalPosition: {x: 0.0023735352, y: -0.03550315, z: -0.0069762617}
  m_LocalScale: {x: 1, y: 1, z: 1}
  m_Children: []
  m_Father: {fileID: 7265474571414121326}
  m_RootOrder: 0
  m_LocalEulerAnglesHint: {x: 0, y: 0, z: 0}
--- !u!1 &7260812411904449160
GameObject:
  m_ObjectHideFlags: 0
  m_CorrespondingSourceObject: {fileID: 0}
  m_PrefabInstance: {fileID: 0}
  m_PrefabAsset: {fileID: 0}
  serializedVersion: 6
  m_Component:
  - component: {fileID: 7265756343697443492}
  m_Layer: 0
  m_Name: PT_Medieval_Sheat_slot
  m_TagString: Untagged
  m_Icon: {fileID: 0}
  m_NavMeshLayer: 0
  m_StaticEditorFlags: 0
  m_IsActive: 1
--- !u!4 &7265756343697443492
Transform:
  m_ObjectHideFlags: 0
  m_CorrespondingSourceObject: {fileID: 0}
  m_PrefabInstance: {fileID: 0}
  m_PrefabAsset: {fileID: 0}
  m_GameObject: {fileID: 7260812411904449160}
  m_LocalRotation: {x: 0.5862357, y: 0.18263857, z: 0.76043105, w: 0.21146002}
  m_LocalPosition: {x: 0.10185492, y: 0.08588978, z: -0.00048252856}
  m_LocalScale: {x: 1, y: 1, z: 1}
  m_Children: []
  m_Father: {fileID: 7265598133844428358}
  m_RootOrder: 1
  m_LocalEulerAnglesHint: {x: 0, y: 0, z: 0}
--- !u!1 &7260839966304628346
GameObject:
  m_ObjectHideFlags: 0
  m_CorrespondingSourceObject: {fileID: 0}
  m_PrefabInstance: {fileID: 0}
  m_PrefabAsset: {fileID: 0}
  serializedVersion: 6
  m_Component:
  - component: {fileID: 7262803942939878718}
  m_Layer: 0
  m_Name: PT_Medieval_Head
  m_TagString: Untagged
  m_Icon: {fileID: 0}
  m_NavMeshLayer: 0
  m_StaticEditorFlags: 0
  m_IsActive: 1
--- !u!4 &7262803942939878718
Transform:
  m_ObjectHideFlags: 0
  m_CorrespondingSourceObject: {fileID: 0}
  m_PrefabInstance: {fileID: 0}
  m_PrefabAsset: {fileID: 0}
  m_GameObject: {fileID: 7260839966304628346}
  m_LocalRotation: {x: 0, y: -0, z: -0, w: 1}
  m_LocalPosition: {x: -0, y: 0.09119416, z: 0.024500813}
  m_LocalScale: {x: 1, y: 1, z: 1}
  m_Children:
  - {fileID: 7265625001104280110}
  m_Father: {fileID: 7265804685715780948}
  m_RootOrder: 0
  m_LocalEulerAnglesHint: {x: 0, y: 0, z: 0}
--- !u!1 &7260850542765635088
GameObject:
  m_ObjectHideFlags: 0
  m_CorrespondingSourceObject: {fileID: 0}
  m_PrefabInstance: {fileID: 0}
  m_PrefabAsset: {fileID: 0}
  serializedVersion: 6
  m_Component:
  - component: {fileID: 7263174465074014764}
  m_Layer: 0
  m_Name: PT_Medieval_RightHandIndex1
  m_TagString: Untagged
  m_Icon: {fileID: 0}
  m_NavMeshLayer: 0
  m_StaticEditorFlags: 0
  m_IsActive: 1
--- !u!4 &7263174465074014764
Transform:
  m_ObjectHideFlags: 0
  m_CorrespondingSourceObject: {fileID: 0}
  m_PrefabInstance: {fileID: 0}
  m_PrefabAsset: {fileID: 0}
  m_GameObject: {fileID: 7260850542765635088}
  m_LocalRotation: {x: 0.055548213, y: -0.0029377441, z: -0.052730806, w: 0.99705833}
  m_LocalPosition: {x: -0.033899162, y: -0.09278098, z: 0.005699886}
  m_LocalScale: {x: 1, y: 1, z: 1}
  m_Children:
  - {fileID: 7263117911317042488}
  m_Father: {fileID: 7265914878138594230}
  m_RootOrder: 1
  m_LocalEulerAnglesHint: {x: 0, y: 0, z: 0}
--- !u!1 &7260853896051818214
GameObject:
  m_ObjectHideFlags: 0
  m_CorrespondingSourceObject: {fileID: 0}
  m_PrefabInstance: {fileID: 0}
  m_PrefabAsset: {fileID: 0}
  serializedVersion: 6
  m_Component:
  - component: {fileID: 7262685363783122192}
  m_Layer: 0
  m_Name: PT_Medieval_RightLeg
  m_TagString: Untagged
  m_Icon: {fileID: 0}
  m_NavMeshLayer: 0
  m_StaticEditorFlags: 0
  m_IsActive: 1
--- !u!4 &7262685363783122192
Transform:
  m_ObjectHideFlags: 0
  m_CorrespondingSourceObject: {fileID: 0}
  m_PrefabInstance: {fileID: 0}
  m_PrefabAsset: {fileID: 0}
  m_GameObject: {fileID: 7260853896051818214}
  m_LocalRotation: {x: -0.019684935, y: 0.0006116889, z: -0.031052947, w: 0.9993237}
  m_LocalPosition: {x: -0.0025030195, y: 0.4204197, z: 0.005846788}
  m_LocalScale: {x: 1, y: 1, z: 1}
  m_Children:
  - {fileID: 7263055657028614558}
  m_Father: {fileID: 7265632765052588626}
  m_RootOrder: 0
  m_LocalEulerAnglesHint: {x: 0, y: 0, z: 0}
--- !u!1 &7260853933418499662
GameObject:
  m_ObjectHideFlags: 0
  m_CorrespondingSourceObject: {fileID: 0}
  m_PrefabInstance: {fileID: 0}
  m_PrefabAsset: {fileID: 0}
  serializedVersion: 6
  m_Component:
  - component: {fileID: 7262838848516736784}
  m_Layer: 0
  m_Name: PT_Medieval_RightToe
  m_TagString: Untagged
  m_Icon: {fileID: 0}
  m_NavMeshLayer: 0
  m_StaticEditorFlags: 0
  m_IsActive: 1
--- !u!4 &7262838848516736784
Transform:
  m_ObjectHideFlags: 0
  m_CorrespondingSourceObject: {fileID: 0}
  m_PrefabInstance: {fileID: 0}
  m_PrefabAsset: {fileID: 0}
  m_GameObject: {fileID: 7260853933418499662}
  m_LocalRotation: {x: 0.32279554, y: -0.08884289, z: 0.03045037, w: 0.9417976}
  m_LocalPosition: {x: -0.000025255247, y: 0.1438179, z: -0.0088649485}
  m_LocalScale: {x: 1, y: 1, z: 1}
  m_Children: []
  m_Father: {fileID: 7263055657028614558}
  m_RootOrder: 0
  m_LocalEulerAnglesHint: {x: 0, y: 0, z: 0}
--- !u!1 &7260870767213259376
GameObject:
  m_ObjectHideFlags: 0
  m_CorrespondingSourceObject: {fileID: 0}
  m_PrefabInstance: {fileID: 0}
  m_PrefabAsset: {fileID: 0}
  serializedVersion: 6
  m_Component:
  - component: {fileID: 7262665455324582372}
  m_Layer: 0
  m_Name: PT_Medieval_LeftHandRing2
  m_TagString: Untagged
  m_Icon: {fileID: 0}
  m_NavMeshLayer: 0
  m_StaticEditorFlags: 0
  m_IsActive: 1
--- !u!4 &7262665455324582372
Transform:
  m_ObjectHideFlags: 0
  m_CorrespondingSourceObject: {fileID: 0}
  m_PrefabInstance: {fileID: 0}
  m_PrefabAsset: {fileID: 0}
  m_GameObject: {fileID: 7260870767213259376}
  m_LocalRotation: {x: 0.047358066, y: -3.943351e-18, z: 1.4458953e-17, w: 0.998878}
  m_LocalPosition: {x: -0.0044584293, y: 0.040057946, z: -0.0016473437}
  m_LocalScale: {x: 1, y: 1, z: 1}
  m_Children:
  - {fileID: 7263130409692566232}
  m_Father: {fileID: 7265548151297737010}
  m_RootOrder: 0
  m_LocalEulerAnglesHint: {x: 0, y: 0, z: 0}
--- !u!1 &7260872961851705536
GameObject:
  m_ObjectHideFlags: 0
  m_CorrespondingSourceObject: {fileID: 0}
  m_PrefabInstance: {fileID: 0}
  m_PrefabAsset: {fileID: 0}
  serializedVersion: 6
  m_Component:
  - component: {fileID: 7265767111543968514}
  m_Layer: 0
  m_Name: PT_Medieval_RightHandRing3
  m_TagString: Untagged
  m_Icon: {fileID: 0}
  m_NavMeshLayer: 0
  m_StaticEditorFlags: 0
  m_IsActive: 1
--- !u!4 &7265767111543968514
Transform:
  m_ObjectHideFlags: 0
  m_CorrespondingSourceObject: {fileID: 0}
  m_PrefabInstance: {fileID: 0}
  m_PrefabAsset: {fileID: 0}
  m_GameObject: {fileID: 7260872961851705536}
  m_LocalRotation: {x: 0.041252065, y: -2.7479397e-17, z: -1.545716e-17, w: 0.9991488}
  m_LocalPosition: {x: 0.0034183944, y: -0.036755756, z: -0.003168397}
  m_LocalScale: {x: 1, y: 1, z: 1}
  m_Children: []
  m_Father: {fileID: 7262675292258243906}
  m_RootOrder: 0
  m_LocalEulerAnglesHint: {x: 0, y: 0, z: 0}
--- !u!1 &7260876059579869754
GameObject:
  m_ObjectHideFlags: 0
  m_CorrespondingSourceObject: {fileID: 0}
  m_PrefabInstance: {fileID: 0}
  m_PrefabAsset: {fileID: 0}
  serializedVersion: 6
  m_Component:
  - component: {fileID: 7265834130777520430}
  m_Layer: 0
  m_Name: PT_Medieval_Right_Hand_Weapon_slot
  m_TagString: Untagged
  m_Icon: {fileID: 0}
  m_NavMeshLayer: 0
  m_StaticEditorFlags: 0
  m_IsActive: 1
--- !u!4 &7265834130777520430
Transform:
  m_ObjectHideFlags: 0
  m_CorrespondingSourceObject: {fileID: 0}
  m_PrefabInstance: {fileID: 0}
  m_PrefabAsset: {fileID: 0}
  m_GameObject: {fileID: 7260876059579869754}
  m_LocalRotation: {x: 0.65023524, y: 0.7249253, z: -0.1828025, w: 0.13513233}
  m_LocalPosition: {x: -0.0193496, y: -0.099109754, z: -0.023399422}
  m_LocalScale: {x: 1, y: 1, z: 1}
  m_Children: []
  m_Father: {fileID: 7265914878138594230}
  m_RootOrder: 0
  m_LocalEulerAnglesHint: {x: 0, y: 0, z: 0}
--- !u!1 &7260901033766545112
GameObject:
  m_ObjectHideFlags: 0
  m_CorrespondingSourceObject: {fileID: 0}
  m_PrefabInstance: {fileID: 0}
  m_PrefabAsset: {fileID: 0}
  serializedVersion: 6
  m_Component:
  - component: {fileID: 7265623784358958388}
  m_Layer: 0
  m_Name: PT_Medieval_LeftHandIndex2
  m_TagString: Untagged
  m_Icon: {fileID: 0}
  m_NavMeshLayer: 0
  m_StaticEditorFlags: 0
  m_IsActive: 1
--- !u!4 &7265623784358958388
Transform:
  m_ObjectHideFlags: 0
  m_CorrespondingSourceObject: {fileID: 0}
  m_PrefabInstance: {fileID: 0}
  m_PrefabAsset: {fileID: 0}
  m_GameObject: {fileID: 7260901033766545112}
  m_LocalRotation: {x: 0.09512609, y: -1.0561117e-16, z: 3.432363e-17, w: 0.9954652}
  m_LocalPosition: {x: 0.00096788263, y: 0.042752422, z: -0.0010528902}
  m_LocalScale: {x: 1, y: 1, z: 1}
  m_Children:
  - {fileID: 7263088800663095736}
  m_Father: {fileID: 7265924680226850410}
  m_RootOrder: 0
  m_LocalEulerAnglesHint: {x: 0, y: 0, z: 0}
--- !u!1 &7260904552509936838
GameObject:
  m_ObjectHideFlags: 0
  m_CorrespondingSourceObject: {fileID: 0}
  m_PrefabInstance: {fileID: 0}
  m_PrefabAsset: {fileID: 0}
  serializedVersion: 6
  m_Component:
  - component: {fileID: 7265924680226850410}
  m_Layer: 0
  m_Name: PT_Medieval_LeftHandIndex1
  m_TagString: Untagged
  m_Icon: {fileID: 0}
  m_NavMeshLayer: 0
  m_StaticEditorFlags: 0
  m_IsActive: 1
--- !u!4 &7265924680226850410
Transform:
  m_ObjectHideFlags: 0
  m_CorrespondingSourceObject: {fileID: 0}
  m_PrefabInstance: {fileID: 0}
  m_PrefabAsset: {fileID: 0}
  m_GameObject: {fileID: 7260904552509936838}
  m_LocalRotation: {x: 0.055548213, y: -0.0029377441, z: -0.052730806, w: 0.99705833}
  m_LocalPosition: {x: 0.033899162, y: 0.09278098, z: -0.005699886}
  m_LocalScale: {x: 1, y: 1, z: 1}
  m_Children:
  - {fileID: 7265623784358958388}
  m_Father: {fileID: 7262839060058926160}
  m_RootOrder: 0
  m_LocalEulerAnglesHint: {x: 0, y: 0, z: 0}
--- !u!1 &7261261571729991974
GameObject:
  m_ObjectHideFlags: 0
  m_CorrespondingSourceObject: {fileID: 0}
  m_PrefabInstance: {fileID: 0}
  m_PrefabAsset: {fileID: 0}
  serializedVersion: 6
  m_Component:
  - component: {fileID: 7261261571729991975}
  m_Layer: 0
  m_Name: TurretCreate
  m_TagString: Untagged
  m_Icon: {fileID: 0}
  m_NavMeshLayer: 0
  m_StaticEditorFlags: 0
  m_IsActive: 1
--- !u!4 &7261261571729991975
Transform:
  m_ObjectHideFlags: 0
  m_CorrespondingSourceObject: {fileID: 0}
  m_PrefabInstance: {fileID: 0}
  m_PrefabAsset: {fileID: 0}
  m_GameObject: {fileID: 7261261571729991974}
  m_LocalRotation: {x: 0, y: 0, z: 0, w: 1}
  m_LocalPosition: {x: -0, y: 1.196, z: 0.213}
  m_LocalScale: {x: 1, y: 1, z: 1}
  m_Children: []
  m_Father: {fileID: 4381975792248267884}
  m_RootOrder: 2
  m_LocalEulerAnglesHint: {x: 0, y: 0, z: 0}
--- !u!1 &7261666767967721070
GameObject:
  m_ObjectHideFlags: 0
  m_CorrespondingSourceObject: {fileID: 0}
  m_PrefabInstance: {fileID: 0}
  m_PrefabAsset: {fileID: 0}
  serializedVersion: 6
  m_Component:
  - component: {fileID: 7265980503939698328}
  m_Layer: 0
  m_Name: PT_Medieval_RightHandPinky3
  m_TagString: Untagged
  m_Icon: {fileID: 0}
  m_NavMeshLayer: 0
  m_StaticEditorFlags: 0
  m_IsActive: 1
--- !u!4 &7265980503939698328
Transform:
  m_ObjectHideFlags: 0
  m_CorrespondingSourceObject: {fileID: 0}
  m_PrefabInstance: {fileID: 0}
  m_PrefabAsset: {fileID: 0}
  m_GameObject: {fileID: 7261666767967721070}
  m_LocalRotation: {x: -0.011456637, y: -1.1129495e-18, z: -7.313668e-18, w: 0.9999344}
  m_LocalPosition: {x: -0.0017718282, y: -0.024944266, z: 0.0021657655}
  m_LocalScale: {x: 1, y: 1, z: 1}
  m_Children: []
  m_Father: {fileID: 7265467626477287958}
  m_RootOrder: 0
  m_LocalEulerAnglesHint: {x: 0, y: 0, z: 0}
--- !u!1 &7261686804745900762
GameObject:
  m_ObjectHideFlags: 0
  m_CorrespondingSourceObject: {fileID: 0}
  m_PrefabInstance: {fileID: 0}
  m_PrefabAsset: {fileID: 0}
  serializedVersion: 6
  m_Component:
  - component: {fileID: 7265819932506712994}
  m_Layer: 0
  m_Name: PT_Medieval_LeftHandThumb1
  m_TagString: Untagged
  m_Icon: {fileID: 0}
  m_NavMeshLayer: 0
  m_StaticEditorFlags: 0
  m_IsActive: 1
--- !u!4 &7265819932506712994
Transform:
  m_ObjectHideFlags: 0
  m_CorrespondingSourceObject: {fileID: 0}
  m_PrefabInstance: {fileID: 0}
  m_PrefabAsset: {fileID: 0}
  m_GameObject: {fileID: 7261686804745900762}
  m_LocalRotation: {x: 0.1668042, y: -0.049394056, z: -0.27960354, w: 0.94422376}
  m_LocalPosition: {x: 0.03964193, y: 0.032029193, z: 0.01762394}
  m_LocalScale: {x: 1, y: 1, z: 1}
  m_Children:
  - {fileID: 7265455916750474486}
  m_Father: {fileID: 7262839060058926160}
  m_RootOrder: 4
  m_LocalEulerAnglesHint: {x: 0, y: 0, z: 0}
--- !u!1 &7261701441915299122
GameObject:
  m_ObjectHideFlags: 0
  m_CorrespondingSourceObject: {fileID: 0}
  m_PrefabInstance: {fileID: 0}
  m_PrefabAsset: {fileID: 0}
  serializedVersion: 6
  m_Component:
  - component: {fileID: 7263091452869207554}
  m_Layer: 0
  m_Name: PT_Medieval_LeftHandPinky3
  m_TagString: Untagged
  m_Icon: {fileID: 0}
  m_NavMeshLayer: 0
  m_StaticEditorFlags: 0
  m_IsActive: 1
--- !u!4 &7263091452869207554
Transform:
  m_ObjectHideFlags: 0
  m_CorrespondingSourceObject: {fileID: 0}
  m_PrefabInstance: {fileID: 0}
  m_PrefabAsset: {fileID: 0}
  m_GameObject: {fileID: 7261701441915299122}
  m_LocalRotation: {x: -0.011456637, y: 1.7489206e-18, z: 3.0094632e-36, w: 0.9999344}
  m_LocalPosition: {x: 0.0017718282, y: 0.024944266, z: -0.0021657655}
  m_LocalScale: {x: 1, y: 1, z: 1}
  m_Children: []
  m_Father: {fileID: 7262811619292596908}
  m_RootOrder: 0
  m_LocalEulerAnglesHint: {x: 0, y: 0, z: 0}
--- !u!1 &7261713509395140254
GameObject:
  m_ObjectHideFlags: 0
  m_CorrespondingSourceObject: {fileID: 0}
  m_PrefabInstance: {fileID: 0}
  m_PrefabAsset: {fileID: 0}
  serializedVersion: 6
  m_Component:
  - component: {fileID: 7263011066824209358}
  m_Layer: 0
  m_Name: PT_Medieval_LeftCape2
  m_TagString: Untagged
  m_Icon: {fileID: 0}
  m_NavMeshLayer: 0
  m_StaticEditorFlags: 0
  m_IsActive: 1
--- !u!4 &7263011066824209358
Transform:
  m_ObjectHideFlags: 0
  m_CorrespondingSourceObject: {fileID: 0}
  m_PrefabInstance: {fileID: 0}
  m_PrefabAsset: {fileID: 0}
  m_GameObject: {fileID: 7261713509395140254}
  m_LocalRotation: {x: 0, y: -0, z: -0, w: 1}
  m_LocalPosition: {x: 0.00825, y: 0.36404753, z: 0.04708202}
  m_LocalScale: {x: 1, y: 1, z: 1}
  m_Children:
  - {fileID: 7263075071842798144}
  m_Father: {fileID: 7265733473634125486}
  m_RootOrder: 0
  m_LocalEulerAnglesHint: {x: 0, y: 0, z: 0}
--- !u!1 &7261730637638786450
GameObject:
  m_ObjectHideFlags: 0
  m_CorrespondingSourceObject: {fileID: 0}
  m_PrefabInstance: {fileID: 0}
  m_PrefabAsset: {fileID: 0}
  serializedVersion: 6
  m_Component:
  - component: {fileID: 7263016209379405658}
  m_Layer: 0
  m_Name: PT_Medieval_RightHandPinky1
  m_TagString: Untagged
  m_Icon: {fileID: 0}
  m_NavMeshLayer: 0
  m_StaticEditorFlags: 0
  m_IsActive: 1
--- !u!4 &7263016209379405658
Transform:
  m_ObjectHideFlags: 0
  m_CorrespondingSourceObject: {fileID: 0}
  m_PrefabInstance: {fileID: 0}
  m_PrefabAsset: {fileID: 0}
  m_GameObject: {fileID: 7261730637638786450}
  m_LocalRotation: {x: 0.20583394, y: 0.0075915214, z: 0.036066417, w: 0.97789264}
  m_LocalPosition: {x: 0.042899612, y: -0.094950385, z: 0.0031276178}
  m_LocalScale: {x: 1, y: 1, z: 1}
  m_Children:
  - {fileID: 7265467626477287958}
  m_Father: {fileID: 7265914878138594230}
  m_RootOrder: 3
  m_LocalEulerAnglesHint: {x: 0, y: 0, z: 0}
--- !u!1 &7261739150326354812
GameObject:
  m_ObjectHideFlags: 0
  m_CorrespondingSourceObject: {fileID: 0}
  m_PrefabInstance: {fileID: 0}
  m_PrefabAsset: {fileID: 0}
  serializedVersion: 6
  m_Component:
  - component: {fileID: 7263145272303015006}
  m_Layer: 0
  m_Name: PT_Medieval_LeftForeArm
  m_TagString: Untagged
  m_Icon: {fileID: 0}
  m_NavMeshLayer: 0
  m_StaticEditorFlags: 0
  m_IsActive: 1
--- !u!4 &7263145272303015006
Transform:
  m_ObjectHideFlags: 0
  m_CorrespondingSourceObject: {fileID: 0}
  m_PrefabInstance: {fileID: 0}
  m_PrefabAsset: {fileID: 0}
  m_GameObject: {fileID: 7261739150326354812}
  m_LocalRotation: {x: -0.1194774, y: 0.004352882, z: -0.036147382, w: 0.99216914}
  m_LocalPosition: {x: -0.0016889535, y: 0.2694025, z: -0.037289083}
  m_LocalScale: {x: 1, y: 1, z: 1}
  m_Children:
  - {fileID: 7265502842861730020}
  - {fileID: 7265490430931122454}
  - {fileID: 7262839060058926160}
  - {fileID: 7263088288253570078}
  - {fileID: 7265449309379787300}
  m_Father: {fileID: 7262976354100375286}
  m_RootOrder: 0
  m_LocalEulerAnglesHint: {x: 0, y: 0, z: 0}
--- !u!1 &7261744442187792196
GameObject:
  m_ObjectHideFlags: 0
  m_CorrespondingSourceObject: {fileID: 0}
  m_PrefabInstance: {fileID: 0}
  m_PrefabAsset: {fileID: 0}
  serializedVersion: 6
  m_Component:
  - component: {fileID: 7262813743507296812}
  m_Layer: 0
  m_Name: PT_Medieval_LeftToe
  m_TagString: Untagged
  m_Icon: {fileID: 0}
  m_NavMeshLayer: 0
  m_StaticEditorFlags: 0
  m_IsActive: 1
--- !u!4 &7262813743507296812
Transform:
  m_ObjectHideFlags: 0
  m_CorrespondingSourceObject: {fileID: 0}
  m_PrefabInstance: {fileID: 0}
  m_PrefabAsset: {fileID: 0}
  m_GameObject: {fileID: 7261744442187792196}
  m_LocalRotation: {x: 0.31465903, y: 0.08886059, z: -0.029601518, w: 0.94457257}
  m_LocalPosition: {x: 0.00003137395, y: 0.14365591, z: -0.0111103915}
  m_LocalScale: {x: 1, y: 1, z: 1}
  m_Children: []
  m_Father: {fileID: 7262635279175744030}
  m_RootOrder: 0
  m_LocalEulerAnglesHint: {x: 0, y: 0, z: 0}
--- !u!1 &7261763737939175262
GameObject:
  m_ObjectHideFlags: 0
  m_CorrespondingSourceObject: {fileID: 0}
  m_PrefabInstance: {fileID: 0}
  m_PrefabAsset: {fileID: 0}
  serializedVersion: 6
  m_Component:
  - component: {fileID: 7262835980743836298}
  m_Layer: 0
  m_Name: PT_Medieval_Quiver_slot
  m_TagString: Untagged
  m_Icon: {fileID: 0}
  m_NavMeshLayer: 0
  m_StaticEditorFlags: 0
  m_IsActive: 1
--- !u!4 &7262835980743836298
Transform:
  m_ObjectHideFlags: 0
  m_CorrespondingSourceObject: {fileID: 0}
  m_PrefabInstance: {fileID: 0}
  m_PrefabAsset: {fileID: 0}
  m_GameObject: {fileID: 7261763737939175262}
  m_LocalRotation: {x: 0.003948614, y: 0.00032025026, z: -0.2761965, w: 0.961093}
  m_LocalPosition: {x: 0.06985389, y: -0.007842677, z: -0.17465213}
  m_LocalScale: {x: 1, y: 1, z: 1}
  m_Children: []
  m_Father: {fileID: 7263008860966822704}
  m_RootOrder: 5
  m_LocalEulerAnglesHint: {x: 0, y: 0, z: 0}
