%YAML 1.1
%TAG !u! tag:unity3d.com,2011:
--- !u!1 &4926125837214080021
GameObject:
  m_ObjectHideFlags: 0
  m_CorrespondingSourceObject: {fileID: 0}
  m_PrefabInstance: {fileID: 0}
  m_PrefabAsset: {fileID: 0}
  serializedVersion: 6
  m_Component:
  - component: {fileID: 1213321445822744749}
  - component: {fileID: 9125532022249480609}
  - component: {fileID: 3055595136191168197}
  - component: {fileID: 8163890763779122454}
  - component: {fileID: 3888342197217853471}
  m_Layer: 0
  m_Name: Umbrella2
  m_TagString: Untagged
  m_Icon: {fileID: 0}
  m_NavMeshLayer: 0
  m_StaticEditorFlags: 0
  m_IsActive: 1
--- !u!4 &1213321445822744749
Transform:
  m_ObjectHideFlags: 0
  m_CorrespondingSourceObject: {fileID: 0}
  m_PrefabInstance: {fileID: 0}
  m_PrefabAsset: {fileID: 0}
  m_GameObject: {fileID: 4926125837214080021}
  m_LocalRotation: {x: 0, y: 0, z: 0, w: 1}
  m_LocalPosition: {x: 1.7393857, y: 19.53491, z: -37.14551}
  m_LocalScale: {x: 1, y: 1, z: 1}
  m_Children:
  - {fileID: 1399968626642454164}
  m_Father: {fileID: 0}
  m_RootOrder: 0
  m_LocalEulerAnglesHint: {x: 0, y: 0, z: 0}
--- !u!33 &9125532022249480609
MeshFilter:
  m_ObjectHideFlags: 0
  m_CorrespondingSourceObject: {fileID: 0}
  m_PrefabInstance: {fileID: 0}
  m_PrefabAsset: {fileID: 0}
  m_GameObject: {fileID: 4926125837214080021}
  m_Mesh: {fileID: 0}
--- !u!23 &3055595136191168197
MeshRenderer:
  m_ObjectHideFlags: 0
  m_CorrespondingSourceObject: {fileID: 0}
  m_PrefabInstance: {fileID: 0}
  m_PrefabAsset: {fileID: 0}
  m_GameObject: {fileID: 4926125837214080021}
  m_Enabled: 1
  m_CastShadows: 1
  m_ReceiveShadows: 1
  m_DynamicOccludee: 1
  m_MotionVectors: 1
  m_LightProbeUsage: 1
  m_ReflectionProbeUsage: 1
  m_RenderingLayerMask: 1
  m_RendererPriority: 0
  m_Materials:
  - {fileID: 2100000, guid: 1e1c6a0a64beb49ec96272beefa468a5, type: 2}
  m_StaticBatchInfo:
    firstSubMesh: 0
    subMeshCount: 0
  m_StaticBatchRoot: {fileID: 0}
  m_ProbeAnchor: {fileID: 0}
  m_LightProbeVolumeOverride: {fileID: 0}
  m_ScaleInLightmap: 1
  m_ReceiveGI: 1
  m_PreserveUVs: 0
  m_IgnoreNormalsForChartDetection: 0
  m_ImportantGI: 0
  m_StitchLightmapSeams: 1
  m_SelectedEditorRenderState: 2
  m_MinimumChartSize: 4
  m_AutoUVMaxDistance: 0.5
  m_AutoUVMaxAngle: 89
  m_LightmapParameters: {fileID: 0}
  m_SortingLayerID: 0
  m_SortingLayer: 0
  m_SortingOrder: 0
--- !u!114 &8163890763779122454
MonoBehaviour:
  m_ObjectHideFlags: 0
  m_CorrespondingSourceObject: {fileID: 0}
  m_PrefabInstance: {fileID: 0}
  m_PrefabAsset: {fileID: 0}
  m_GameObject: {fileID: 4926125837214080021}
  m_Enabled: 1
  m_EditorHideFlags: 0
  m_Script: {fileID: 11500000, guid: 8233d90336aea43098adf6dbabd606a2, type: 3}
  m_Name: 
  m_EditorClassIdentifier: 
  m_MeshFormatVersion: 1
  m_Faces:
  - m_Indexes: 000000000100000002000000010000000300000002000000
    m_SmoothingGroup: 1
    m_Uv:
      m_UseWorldSpace: 0
      m_FlipU: 0
      m_FlipV: 0
      m_SwapUV: 0
      m_Fill: 1
      m_Scale: {x: 1, y: 1}
      m_Offset: {x: 0, y: 0}
      m_Rotation: 0
      m_Anchor: 9
    m_Material: {fileID: 0}
    m_SubmeshIndex: 0
    m_ManualUV: 0
    elementGroup: -1
    m_TextureGroup: -1
  - m_Indexes: 040000000500000006000000050000000700000006000000
    m_SmoothingGroup: 1
    m_Uv:
      m_UseWorldSpace: 0
      m_FlipU: 0
      m_FlipV: 0
      m_SwapUV: 0
      m_Fill: 1
      m_Scale: {x: 1, y: 1}
      m_Offset: {x: 0, y: 0}
      m_Rotation: 0
      m_Anchor: 9
    m_Material: {fileID: 0}
    m_SubmeshIndex: 0
    m_ManualUV: 0
    elementGroup: -1
    m_TextureGroup: -1
  - m_Indexes: 08000000090000000a000000090000000b0000000a000000
    m_SmoothingGroup: 1
    m_Uv:
      m_UseWorldSpace: 0
      m_FlipU: 0
      m_FlipV: 0
      m_SwapUV: 0
      m_Fill: 1
      m_Scale: {x: 1, y: 1}
      m_Offset: {x: 0, y: 0}
      m_Rotation: 0
      m_Anchor: 9
    m_Material: {fileID: 0}
    m_SubmeshIndex: 0
    m_ManualUV: 0
    elementGroup: -1
    m_TextureGroup: -1
  - m_Indexes: 0c0000000d0000000e0000000d0000000f0000000e000000
    m_SmoothingGroup: 1
    m_Uv:
      m_UseWorldSpace: 0
      m_FlipU: 0
      m_FlipV: 0
      m_SwapUV: 0
      m_Fill: 1
      m_Scale: {x: 1, y: 1}
      m_Offset: {x: 0, y: 0}
      m_Rotation: 0
      m_Anchor: 9
    m_Material: {fileID: 0}
    m_SubmeshIndex: 0
    m_ManualUV: 0
    elementGroup: -1
    m_TextureGroup: -1
  - m_Indexes: 100000001100000012000000110000001300000012000000
    m_SmoothingGroup: 1
    m_Uv:
      m_UseWorldSpace: 0
      m_FlipU: 0
      m_FlipV: 0
      m_SwapUV: 0
      m_Fill: 1
      m_Scale: {x: 1, y: 1}
      m_Offset: {x: 0, y: 0}
      m_Rotation: 0
      m_Anchor: 9
    m_Material: {fileID: 0}
    m_SubmeshIndex: 0
    m_ManualUV: 0
    elementGroup: -1
    m_TextureGroup: -1
  - m_Indexes: 140000001500000016000000150000001700000016000000
    m_SmoothingGroup: 1
    m_Uv:
      m_UseWorldSpace: 0
      m_FlipU: 0
      m_FlipV: 0
      m_SwapUV: 0
      m_Fill: 1
      m_Scale: {x: 1, y: 1}
      m_Offset: {x: 0, y: 0}
      m_Rotation: 0
      m_Anchor: 9
    m_Material: {fileID: 0}
    m_SubmeshIndex: 0
    m_ManualUV: 0
    elementGroup: -1
    m_TextureGroup: -1
  - m_Indexes: 18000000190000001a000000190000001b0000001a000000
    m_SmoothingGroup: 1
    m_Uv:
      m_UseWorldSpace: 0
      m_FlipU: 0
      m_FlipV: 0
      m_SwapUV: 0
      m_Fill: 1
      m_Scale: {x: 1, y: 1}
      m_Offset: {x: 0, y: 0}
      m_Rotation: 0
      m_Anchor: 9
    m_Material: {fileID: 0}
    m_SubmeshIndex: 0
    m_ManualUV: 0
    elementGroup: -1
    m_TextureGroup: -1
  - m_Indexes: 1c0000001d0000001e0000001d0000001f0000001e000000
    m_SmoothingGroup: 1
    m_Uv:
      m_UseWorldSpace: 0
      m_FlipU: 0
      m_FlipV: 0
      m_SwapUV: 0
      m_Fill: 1
      m_Scale: {x: 1, y: 1}
      m_Offset: {x: 0, y: 0}
      m_Rotation: 0
      m_Anchor: 9
    m_Material: {fileID: 0}
    m_SubmeshIndex: 0
    m_ManualUV: 0
    elementGroup: -1
    m_TextureGroup: -1
  - m_Indexes: 220000002300000024000000
    m_SmoothingGroup: 0
    m_Uv:
      m_UseWorldSpace: 0
      m_FlipU: 0
      m_FlipV: 0
      m_SwapUV: 0
      m_Fill: 1
      m_Scale: {x: 1, y: 1}
      m_Offset: {x: 0, y: 0}
      m_Rotation: 0
      m_Anchor: 9
    m_Material: {fileID: 2100000, guid: c22777d6e868e4f2fb421913386b154e, type: 2}
    m_SubmeshIndex: 0
    m_ManualUV: 0
    elementGroup: 0
    m_TextureGroup: -1
  - m_Indexes: 260000002700000028000000
    m_SmoothingGroup: 0
    m_Uv:
      m_UseWorldSpace: 0
      m_FlipU: 0
      m_FlipV: 0
      m_SwapUV: 0
      m_Fill: 1
      m_Scale: {x: 1, y: 1}
      m_Offset: {x: 0, y: 0}
      m_Rotation: 0
      m_Anchor: 9
    m_Material: {fileID: 2100000, guid: c22777d6e868e4f2fb421913386b154e, type: 2}
    m_SubmeshIndex: 0
    m_ManualUV: 0
    elementGroup: 0
    m_TextureGroup: -1
  - m_Indexes: 2a0000002b0000002c000000
    m_SmoothingGroup: 0
    m_Uv:
      m_UseWorldSpace: 0
      m_FlipU: 0
      m_FlipV: 0
      m_SwapUV: 0
      m_Fill: 1
      m_Scale: {x: 1, y: 1}
      m_Offset: {x: 0, y: 0}
      m_Rotation: 0
      m_Anchor: 9
    m_Material: {fileID: 2100000, guid: c22777d6e868e4f2fb421913386b154e, type: 2}
    m_SubmeshIndex: 0
    m_ManualUV: 0
    elementGroup: 0
    m_TextureGroup: -1
  - m_Indexes: 2d0000002e0000002f000000
    m_SmoothingGroup: 0
    m_Uv:
      m_UseWorldSpace: 0
      m_FlipU: 0
      m_FlipV: 0
      m_SwapUV: 0
      m_Fill: 1
      m_Scale: {x: 1, y: 1}
      m_Offset: {x: 0, y: 0}
      m_Rotation: 0
      m_Anchor: 9
    m_Material: {fileID: 2100000, guid: c22777d6e868e4f2fb421913386b154e, type: 2}
    m_SubmeshIndex: 0
    m_ManualUV: 0
    elementGroup: 0
    m_TextureGroup: -1
  - m_Indexes: 310000003200000033000000
    m_SmoothingGroup: 0
    m_Uv:
      m_UseWorldSpace: 0
      m_FlipU: 0
      m_FlipV: 0
      m_SwapUV: 0
      m_Fill: 1
      m_Scale: {x: 1, y: 1}
      m_Offset: {x: 0, y: 0}
      m_Rotation: 0
      m_Anchor: 9
    m_Material: {fileID: 2100000, guid: c22777d6e868e4f2fb421913386b154e, type: 2}
    m_SubmeshIndex: 0
    m_ManualUV: 0
    elementGroup: 0
    m_TextureGroup: -1
  - m_Indexes: 350000003600000037000000
    m_SmoothingGroup: 0
    m_Uv:
      m_UseWorldSpace: 0
      m_FlipU: 0
      m_FlipV: 0
      m_SwapUV: 0
      m_Fill: 1
      m_Scale: {x: 1, y: 1}
      m_Offset: {x: 0, y: 0}
      m_Rotation: 0
      m_Anchor: 9
    m_Material: {fileID: 2100000, guid: c22777d6e868e4f2fb421913386b154e, type: 2}
    m_SubmeshIndex: 0
    m_ManualUV: 0
    elementGroup: 0
    m_TextureGroup: -1
  - m_Indexes: 3b0000003c0000003d000000
    m_SmoothingGroup: 0
    m_Uv:
      m_UseWorldSpace: 0
      m_FlipU: 0
      m_FlipV: 0
      m_SwapUV: 0
      m_Fill: 1
      m_Scale: {x: 1, y: 1}
      m_Offset: {x: 0, y: 0}
      m_Rotation: 0
      m_Anchor: 9
    m_Material: {fileID: 2100000, guid: c22777d6e868e4f2fb421913386b154e, type: 2}
    m_SubmeshIndex: 0
    m_ManualUV: 0
    elementGroup: 0
    m_TextureGroup: -1
  - m_Indexes: 3e0000003f00000040000000
    m_SmoothingGroup: 0
    m_Uv:
      m_UseWorldSpace: 0
      m_FlipU: 0
      m_FlipV: 0
      m_SwapUV: 0
      m_Fill: 1
      m_Scale: {x: 1, y: 1}
      m_Offset: {x: 0, y: 0}
      m_Rotation: 0
      m_Anchor: 9
    m_Material: {fileID: 2100000, guid: c22777d6e868e4f2fb421913386b154e, type: 2}
    m_SubmeshIndex: 0
    m_ManualUV: 0
    elementGroup: 0
    m_TextureGroup: -1
  - m_Indexes: 3a000000390000003800000038000000390000003400000034000000390000003000000021000000390000002000000020000000390000003a000000250000003900000021000000290000003900000025000000300000003900000029000000
    m_SmoothingGroup: 0
    m_Uv:
      m_UseWorldSpace: 0
      m_FlipU: 0
      m_FlipV: 0
      m_SwapUV: 0
      m_Fill: 1
      m_Scale: {x: 1, y: 1}
      m_Offset: {x: 0, y: 0}
      m_Rotation: 0
      m_Anchor: 9
    m_Material: {fileID: 0}
    m_SubmeshIndex: 0
    m_ManualUV: 0
    elementGroup: 0
    m_TextureGroup: -1
  m_SharedVertices:
  - m_Vertices: 000000001e00000020000000
  - m_Vertices: 010000001f0000002200000040000000
  - m_Vertices: 020000000400000021000000
  - m_Vertices: 03000000050000002400000026000000
  - m_Vertices: 060000000800000025000000
  - m_Vertices: 0700000009000000280000002a000000
  - m_Vertices: 0a0000000c00000029000000
  - m_Vertices: 0b0000000d0000002c0000002d000000
  - m_Vertices: 0e0000001000000030000000
  - m_Vertices: 0f000000110000002f00000031000000
  - m_Vertices: 120000001400000034000000
  - m_Vertices: 13000000150000003300000035000000
  - m_Vertices: 160000001800000038000000
  - m_Vertices: 1700000019000000370000003b000000
  - m_Vertices: 1a0000001c0000003a000000
  - m_Vertices: 1b0000001d0000003d0000003e000000
  - m_Vertices: 39000000
  - m_Vertices: 23000000270000002b0000002e00000032000000360000003c0000003f000000
  m_SharedTextures: []
  m_Positions:
  - {x: 0.049999952, y: 0, z: 0}
  - {x: 0.049999952, y: 2, z: 0}
  - {x: 0.035355292, y: 0, z: 0.03535534}
  - {x: 0.035355292, y: 2, z: 0.03535534}
  - {x: 0.035355292, y: 0, z: 0.03535534}
  - {x: 0.035355292, y: 2, z: 0.03535534}
  - {x: -0.000000052154064, y: 0, z: 0.05}
  - {x: -0.000000052154064, y: 2, z: 0.05}
  - {x: -0.000000052154064, y: 0, z: 0.05}
  - {x: -0.000000052154064, y: 2, z: 0.05}
  - {x: -0.03535539, y: 0, z: 0.03535534}
  - {x: -0.03535539, y: 2, z: 0.03535534}
  - {x: -0.03535539, y: 0, z: 0.03535534}
  - {x: -0.03535539, y: 2, z: 0.03535534}
  - {x: -0.05000005, y: 0, z: -0.000000004371139}
  - {x: -0.05000005, y: 2, z: -0.000000004371139}
  - {x: -0.05000005, y: 0, z: -0.000000004371139}
  - {x: -0.05000005, y: 2, z: -0.000000004371139}
  - {x: -0.03535539, y: 0, z: -0.035355337}
  - {x: -0.03535539, y: 2, z: -0.035355337}
  - {x: -0.03535539, y: 0, z: -0.035355337}
  - {x: -0.03535539, y: 2, z: -0.035355337}
  - {x: -0.000000048428774, y: 0, z: -0.05}
  - {x: -0.000000048428774, y: 2, z: -0.05}
  - {x: -0.000000048428774, y: 0, z: -0.05}
  - {x: -0.000000048428774, y: 2, z: -0.05}
  - {x: 0.035355285, y: 0, z: -0.035355344}
  - {x: 0.035355285, y: 2, z: -0.035355344}
  - {x: 0.035355285, y: 0, z: -0.035355344}
  - {x: 0.035355285, y: 2, z: -0.035355344}
  - {x: 0.049999952, y: 0, z: 0}
  - {x: 0.049999952, y: 2, z: 0}
  - {x: 0.049999952, y: 0, z: 0}
  - {x: 0.035355292, y: 0, z: 0.03535534}
  - {x: 0.049999952, y: 2, z: 0}
  - {x: -0.000000048428774, y: 2, z: 0}
  - {x: 0.035355292, y: 2, z: 0.03535534}
  - {x: -0.000000052154064, y: 0, z: 0.05}
  - {x: 0.035355292, y: 2, z: 0.03535534}
  - {x: -0.000000048428774, y: 2, z: 0}
  - {x: -0.000000052154064, y: 2, z: 0.05}
  - {x: -0.03535539, y: 0, z: 0.03535534}
  - {x: -0.000000052154064, y: 2, z: 0.05}
  - {x: -0.000000048428774, y: 2, z: 0}
  - {x: -0.03535539, y: 2, z: 0.03535534}
  - {x: -0.03535539, y: 2, z: 0.03535534}
  - {x: -0.000000048428774, y: 2, z: 0}
  - {x: -0.05000005, y: 2, z: -0.000000004371139}
  - {x: -0.05000005, y: 0, z: -0.000000004371139}
  - {x: -0.05000005, y: 2, z: -0.000000004371139}
  - {x: -0.000000048428774, y: 2, z: 0}
  - {x: -0.03535539, y: 2, z: -0.035355337}
  - {x: -0.03535539, y: 0, z: -0.035355337}
  - {x: -0.03535539, y: 2, z: -0.035355337}
  - {x: -0.000000048428774, y: 2, z: 0}
  - {x: -0.000000048428774, y: 2, z: -0.05}
  - {x: -0.000000048428774, y: 0, z: -0.05}
  - {x: -0.000000048428774, y: 0, z: 0}
  - {x: 0.035355285, y: 0, z: -0.035355344}
  - {x: -0.000000048428774, y: 2, z: -0.05}
  - {x: -0.000000048428774, y: 2, z: 0}
  - {x: 0.035355285, y: 2, z: -0.035355344}
  - {x: 0.035355285, y: 2, z: -0.035355344}
  - {x: -0.000000048428774, y: 2, z: 0}
  - {x: 0.049999952, y: 2, z: 0}
  m_Textures0:
  - {x: -0.019134153, y: 0}
  - {x: -0.019134153, y: 2}
  - {x: 0.019134192, y: 0}
  - {x: 0.019134192, y: 2}
  - {x: -0.019134134, y: 0}
  - {x: -0.019134134, y: 2}
  - {x: 0.019134216, y: 0}
  - {x: 0.019134216, y: 2}
  - {x: -0.019134123, y: 0}
  - {x: -0.019134123, y: 2}
  - {x: 0.019134216, y: 0}
  - {x: 0.019134216, y: 2}
  - {x: -0.01913416, y: 0}
  - {x: -0.01913416, y: 2}
  - {x: 0.019134192, y: 0}
  - {x: 0.019134192, y: 2}
  - {x: -0.019134188, y: 0}
  - {x: -0.019134188, y: 2}
  - {x: 0.019134149, y: 0}
  - {x: 0.019134149, y: 2}
  - {x: -0.019134216, y: 0}
  - {x: -0.019134216, y: 2}
  - {x: 0.01913413, y: 0}
  - {x: 0.01913413, y: 2}
  - {x: -0.019134214, y: 0}
  - {x: -0.019134214, y: 2}
  - {x: 0.019134121, y: 0}
  - {x: 0.019134121, y: 2}
  - {x: -0.019134192, y: 0}
  - {x: -0.019134192, y: 2}
  - {x: 0.019134158, y: 0}
  - {x: 0.019134158, y: 2}
  - {x: -0.049999952, y: 0}
  - {x: -0.035355292, y: 0.03535534}
  - {x: 0.049999952, y: 0}
  - {x: -0.000000048428774, y: 0}
  - {x: 0.035355292, y: 0.03535534}
  - {x: 0.000000052154064, y: 0.05}
  - {x: 0.035355292, y: 0.03535534}
  - {x: -0.000000048428774, y: 0}
  - {x: -0.000000052154064, y: 0.05}
  - {x: 0.03535539, y: 0.03535534}
  - {x: -0.000000052154064, y: 0.05}
  - {x: -0.000000048428774, y: 0}
  - {x: -0.03535539, y: 0.03535534}
  - {x: -0.03535539, y: 0.03535534}
  - {x: -0.000000048428774, y: 0}
  - {x: -0.05000005, y: -0.000000004371139}
  - {x: 0.05000005, y: -0.000000004371139}
  - {x: -0.05000005, y: -0.000000004371139}
  - {x: -0.000000048428774, y: 0}
  - {x: -0.03535539, y: -0.035355337}
  - {x: 0.03535539, y: -0.035355337}
  - {x: -0.03535539, y: -0.035355337}
  - {x: -0.000000048428774, y: 0}
  - {x: -0.000000048428774, y: -0.05}
  - {x: 0.000000048428774, y: -0.05}
  - {x: 0.000000048428774, y: 0}
  - {x: -0.035355285, y: -0.035355344}
  - {x: -0.000000048428774, y: -0.05}
  - {x: -0.000000048428774, y: 0}
  - {x: 0.035355285, y: -0.035355344}
  - {x: 0.035355285, y: -0.035355344}
  - {x: -0.000000048428774, y: 0}
  - {x: 0.049999952, y: 0}
  m_Textures2: []
  m_Textures3: []
  m_Tangents:
  - {x: 0.000000064515596, y: 0, z: 1, w: -1}
  - {x: 0.000000064515596, y: 0, z: 1, w: -1}
  - {x: -0.7071068, y: 0, z: 0.70710677, w: -1}
  - {x: -0.7071068, y: 0, z: 0.70710677, w: -1}
  - {x: -0.70710677, y: 0, z: 0.70710677, w: -1}
  - {x: -0.70710677, y: 0, z: 0.70710677, w: -1}
  - {x: -1, y: 0, z: -0.0000000322578, w: -1}
  - {x: -1, y: 0, z: -0.0000000322578, w: -1}
  - {x: -1, y: 0, z: -0.0000000322578, w: -1}
  - {x: -1, y: 0, z: -0.0000000322578, w: -1}
  - {x: -0.7071067, y: 0, z: -0.7071068, w: -1}
  - {x: -0.7071067, y: 0, z: -0.7071068, w: -1}
  - {x: -0.70710677, y: 0, z: -0.70710677, w: -1}
  - {x: -0.70710677, y: 0, z: -0.70710677, w: -1}
  - {x: 0.0000000322578, y: 0, z: -1, w: -1}
  - {x: 0.0000000322578, y: 0, z: -1, w: -1}
  - {x: 0.000000064515596, y: 0, z: -1, w: -1}
  - {x: 0.000000064515596, y: 0, z: -1, w: -1}
  - {x: 0.7071068, y: 0, z: -0.7071068, w: -1}
  - {x: 0.7071068, y: 0, z: -0.7071068, w: -1}
  - {x: 0.7071067, y: 0, z: -0.7071068, w: -1}
  - {x: 0.7071067, y: 0, z: -0.7071068, w: -1}
  - {x: 1, y: 0, z: -0.0000000322578, w: -1}
  - {x: 1, y: 0, z: -0.0000000322578, w: -1}
  - {x: 1, y: 0, z: -0.000000064515596, w: -1}
  - {x: 1, y: 0, z: -0.000000064515596, w: -1}
  - {x: 0.7071068, y: 0, z: 0.7071067, w: -1}
  - {x: 0.7071068, y: 0, z: 0.7071067, w: -1}
  - {x: 0.7071068, y: 0, z: 0.7071067, w: -1}
  - {x: 0.7071068, y: 0, z: 0.7071067, w: -1}
  - {x: 0.0000000645156, y: 0, z: 1, w: -1}
  - {x: 0.0000000645156, y: 0, z: 1, w: -1}
  - {x: -1, y: 0, z: 0, w: -1}
  - {x: -1, y: 0, z: 0, w: -1}
  - {x: 1, y: 0, z: 0, w: -1}
  - {x: 1, y: 0, z: 0, w: -1}
  - {x: 1, y: 0, z: 0, w: -1}
  - {x: -1, y: 0, z: 0, w: -1}
  - {x: 1, y: 0, z: 0, w: -1}
  - {x: 1, y: 0, z: 0, w: -1}
  - {x: 1, y: 0, z: 0, w: -1}
  - {x: -1, y: 0, z: 0, w: -1}
  - {x: 1, y: 0, z: 0, w: -1}
  - {x: 1, y: 0, z: 0, w: -1}
  - {x: 1, y: 0, z: 0, w: -1}
  - {x: 1, y: 0, z: 0, w: -1}
  - {x: 1, y: 0, z: 0, w: -1}
  - {x: 1, y: 0, z: 0, w: -1}
  - {x: -1, y: 0, z: 0, w: -1}
  - {x: 1, y: 0, z: 0, w: -1}
  - {x: 1, y: 0, z: 0, w: -1}
  - {x: 1, y: 0, z: 0, w: -1}
  - {x: -1, y: 0, z: 0, w: -1}
  - {x: 1, y: 0, z: 0, w: -1}
  - {x: 1, y: 0, z: 0, w: -1}
  - {x: 1, y: 0, z: 0, w: -1}
  - {x: -1, y: 0, z: 0, w: -1}
  - {x: -1, y: 0, z: 0, w: -1}
  - {x: -1, y: 0, z: 0, w: -1}
  - {x: 1, y: 0, z: 0, w: -1}
  - {x: 1, y: 0, z: 0, w: -1}
  - {x: 1, y: 0, z: 0, w: -1}
  - {x: 1, y: 0, z: 0, w: -1}
  - {x: 1, y: 0, z: 0, w: -1}
  - {x: 1, y: 0, z: 0, w: -1}
  m_Colors: []
  m_UnwrapParameters:
    m_HardAngle: 88
    m_PackMargin: 20
    m_AngleError: 8
    m_AreaError: 15
  m_PreserveMeshAssetOnDestroy: 0
  assetGuid: 
  m_IsSelectable: 1
  m_SelectedFaces: 
  m_SelectedEdges: []
  m_SelectedVertices: 
--- !u!64 &3888342197217853471
MeshCollider:
  m_ObjectHideFlags: 0
  m_CorrespondingSourceObject: {fileID: 0}
  m_PrefabInstance: {fileID: 0}
  m_PrefabAsset: {fileID: 0}
  m_GameObject: {fileID: 4926125837214080021}
  m_Material: {fileID: 0}
  m_IsTrigger: 0
  m_Enabled: 1
  serializedVersion: 3
  m_Convex: 0
  m_CookingOptions: 14
  m_Mesh: {fileID: 0}
--- !u!1 &5338160138439486479
GameObject:
  m_ObjectHideFlags: 0
  m_CorrespondingSourceObject: {fileID: 0}
  m_PrefabInstance: {fileID: 0}
  m_PrefabAsset: {fileID: 0}
  serializedVersion: 6
  m_Component:
  - component: {fileID: 1399968626642454164}
  - component: {fileID: 6986035308252714638}
  - component: {fileID: 8408692705642979264}
  - component: {fileID: 7548881148716857546}
  - component: {fileID: 2545980264196807592}
  m_Layer: 0
  m_Name: Cone
  m_TagString: Untagged
  m_Icon: {fileID: 0}
  m_NavMeshLayer: 0
  m_StaticEditorFlags: 0
  m_IsActive: 1
--- !u!4 &1399968626642454164
Transform:
  m_ObjectHideFlags: 0
  m_CorrespondingSourceObject: {fileID: 0}
  m_PrefabInstance: {fileID: 0}
  m_PrefabAsset: {fileID: 0}
  m_GameObject: {fileID: 5338160138439486479}
  m_LocalRotation: {x: -0, y: -0, z: -0, w: 1}
  m_LocalPosition: {x: -0.006385684, y: 1.647089, z: 0.0035133362}
  m_LocalScale: {x: 1, y: 1, z: 1}
  m_Children: []
  m_Father: {fileID: 1213321445822744749}
  m_RootOrder: 0
  m_LocalEulerAnglesHint: {x: 0, y: 0, z: 0}
--- !u!33 &6986035308252714638
MeshFilter:
  m_ObjectHideFlags: 0
  m_CorrespondingSourceObject: {fileID: 0}
  m_PrefabInstance: {fileID: 0}
  m_PrefabAsset: {fileID: 0}
  m_GameObject: {fileID: 5338160138439486479}
  m_Mesh: {fileID: 0}
--- !u!23 &8408692705642979264
MeshRenderer:
  m_ObjectHideFlags: 0
  m_CorrespondingSourceObject: {fileID: 0}
  m_PrefabInstance: {fileID: 0}
  m_PrefabAsset: {fileID: 0}
  m_GameObject: {fileID: 5338160138439486479}
  m_Enabled: 1
  m_CastShadows: 1
  m_ReceiveShadows: 1
  m_DynamicOccludee: 1
  m_MotionVectors: 1
  m_LightProbeUsage: 1
  m_ReflectionProbeUsage: 1
  m_RenderingLayerMask: 1
  m_RendererPriority: 0
  m_Materials:
  - {fileID: 2100000, guid: c22777d6e868e4f2fb421913386b154e, type: 2}
  - {fileID: 2100000, guid: 4013ffb83471c44a99ae39dd19f4bb58, type: 2}
  - {fileID: 2100000, guid: 0aa37164acf594e03876b4e0b590280e, type: 2}
  m_StaticBatchInfo:
    firstSubMesh: 0
    subMeshCount: 0
  m_StaticBatchRoot: {fileID: 0}
  m_ProbeAnchor: {fileID: 0}
  m_LightProbeVolumeOverride: {fileID: 0}
  m_ScaleInLightmap: 1
  m_ReceiveGI: 1
  m_PreserveUVs: 0
  m_IgnoreNormalsForChartDetection: 0
  m_ImportantGI: 0
  m_StitchLightmapSeams: 1
  m_SelectedEditorRenderState: 2
  m_MinimumChartSize: 4
  m_AutoUVMaxDistance: 0.5
  m_AutoUVMaxAngle: 89
  m_LightmapParameters: {fileID: 0}
  m_SortingLayerID: 0
  m_SortingLayer: 0
  m_SortingOrder: 0
--- !u!114 &7548881148716857546
MonoBehaviour:
  m_ObjectHideFlags: 0
  m_CorrespondingSourceObject: {fileID: 0}
  m_PrefabInstance: {fileID: 0}
  m_PrefabAsset: {fileID: 0}
  m_GameObject: {fileID: 5338160138439486479}
  m_Enabled: 1
  m_EditorHideFlags: 0
  m_Script: {fileID: 11500000, guid: 8233d90336aea43098adf6dbabd606a2, type: 3}
  m_Name: 
  m_EditorClassIdentifier: 
  m_MeshFormatVersion: 1
  m_Faces:
  - m_Indexes: 020000000100000000000000
    m_SmoothingGroup: 0
    m_Uv:
      m_UseWorldSpace: 0
      m_FlipU: 0
      m_FlipV: 0
      m_SwapUV: 0
      m_Fill: 1
      m_Scale: {x: 1, y: 1}
      m_Offset: {x: 0, y: 0}
      m_Rotation: 0
      m_Anchor: 9
    m_Material: {fileID: 2100000, guid: c22777d6e868e4f2fb421913386b154e, type: 2}
    m_SubmeshIndex: 1
    m_ManualUV: 0
    elementGroup: 0
    m_TextureGroup: -1
  - m_Indexes: 030000000400000005000000
    m_SmoothingGroup: 0
    m_Uv:
      m_UseWorldSpace: 0
      m_FlipU: 0
      m_FlipV: 0
      m_SwapUV: 0
      m_Fill: 1
      m_Scale: {x: 1, y: 1}
      m_Offset: {x: 0, y: 0}
      m_Rotation: 0
      m_Anchor: 9
    m_Material: {fileID: 2100000, guid: c22777d6e868e4f2fb421913386b154e, type: 2}
    m_SubmeshIndex: 0
    m_ManualUV: 0
    elementGroup: 0
    m_TextureGroup: -1
  - m_Indexes: 080000000700000006000000
    m_SmoothingGroup: 0
    m_Uv:
      m_UseWorldSpace: 0
      m_FlipU: 0
      m_FlipV: 0
      m_SwapUV: 0
      m_Fill: 1
      m_Scale: {x: 1, y: 1}
      m_Offset: {x: 0, y: 0}
      m_Rotation: 0
      m_Anchor: 9
    m_Material: {fileID: 2100000, guid: c22777d6e868e4f2fb421913386b154e, type: 2}
    m_SubmeshIndex: 1
    m_ManualUV: 0
    elementGroup: 0
    m_TextureGroup: -1
  - m_Indexes: 090000000a0000000b000000
    m_SmoothingGroup: 0
    m_Uv:
      m_UseWorldSpace: 0
      m_FlipU: 0
      m_FlipV: 0
      m_SwapUV: 0
      m_Fill: 1
      m_Scale: {x: 1, y: 1}
      m_Offset: {x: 0, y: 0}
      m_Rotation: 0
      m_Anchor: 9
    m_Material: {fileID: 2100000, guid: c22777d6e868e4f2fb421913386b154e, type: 2}
    m_SubmeshIndex: 0
    m_ManualUV: 0
    elementGroup: 0
    m_TextureGroup: -1
  - m_Indexes: 0e0000000d0000000c000000
    m_SmoothingGroup: 0
    m_Uv:
      m_UseWorldSpace: 0
      m_FlipU: 0
      m_FlipV: 0
      m_SwapUV: 0
      m_Fill: 1
      m_Scale: {x: 1, y: 1}
      m_Offset: {x: 0, y: 0}
      m_Rotation: 0
      m_Anchor: 9
    m_Material: {fileID: 2100000, guid: c22777d6e868e4f2fb421913386b154e, type: 2}
    m_SubmeshIndex: 2
    m_ManualUV: 0
    elementGroup: 0
    m_TextureGroup: -1
  - m_Indexes: 0f0000001000000011000000
    m_SmoothingGroup: 0
    m_Uv:
      m_UseWorldSpace: 0
      m_FlipU: 0
      m_FlipV: 0
      m_SwapUV: 0
      m_Fill: 1
      m_Scale: {x: 1, y: 1}
      m_Offset: {x: 0, y: 0}
      m_Rotation: 0
      m_Anchor: 9
    m_Material: {fileID: 2100000, guid: c22777d6e868e4f2fb421913386b154e, type: 2}
    m_SubmeshIndex: 0
    m_ManualUV: 0
    elementGroup: 0
    m_TextureGroup: -1
  - m_Indexes: 140000001300000012000000
    m_SmoothingGroup: 0
    m_Uv:
      m_UseWorldSpace: 0
      m_FlipU: 0
      m_FlipV: 0
      m_SwapUV: 0
      m_Fill: 1
      m_Scale: {x: 1, y: 1}
      m_Offset: {x: 0, y: 0}
      m_Rotation: 0
      m_Anchor: 9
    m_Material: {fileID: 2100000, guid: c22777d6e868e4f2fb421913386b154e, type: 2}
    m_SubmeshIndex: 2
    m_ManualUV: 0
    elementGroup: 0
    m_TextureGroup: -1
  - m_Indexes: 150000001600000017000000
    m_SmoothingGroup: 0
    m_Uv:
      m_UseWorldSpace: 0
      m_FlipU: 0
      m_FlipV: 0
      m_SwapUV: 0
      m_Fill: 1
      m_Scale: {x: 1, y: 1}
      m_Offset: {x: 0, y: 0}
      m_Rotation: 0
      m_Anchor: 9
    m_Material: {fileID: 2100000, guid: c22777d6e868e4f2fb421913386b154e, type: 2}
    m_SubmeshIndex: 0
    m_ManualUV: 0
    elementGroup: 0
    m_TextureGroup: -1
  - m_Indexes: 1a0000001900000018000000
    m_SmoothingGroup: 0
    m_Uv:
      m_UseWorldSpace: 0
      m_FlipU: 0
      m_FlipV: 0
      m_SwapUV: 0
      m_Fill: 1
      m_Scale: {x: 1, y: 1}
      m_Offset: {x: 0, y: 0}
      m_Rotation: 0
      m_Anchor: 9
    m_Material: {fileID: 2100000, guid: c22777d6e868e4f2fb421913386b154e, type: 2}
    m_SubmeshIndex: 1
    m_ManualUV: 0
    elementGroup: 0
    m_TextureGroup: -1
  - m_Indexes: 1b0000001c0000001d000000
    m_SmoothingGroup: 0
    m_Uv:
      m_UseWorldSpace: 0
      m_FlipU: 0
      m_FlipV: 0
      m_SwapUV: 0
      m_Fill: 1
      m_Scale: {x: 1, y: 1}
      m_Offset: {x: 0, y: 0}
      m_Rotation: 0
      m_Anchor: 9
    m_Material: {fileID: 2100000, guid: c22777d6e868e4f2fb421913386b154e, type: 2}
    m_SubmeshIndex: 0
    m_ManualUV: 0
    elementGroup: 0
    m_TextureGroup: -1
  - m_Indexes: 200000001f0000001e000000
    m_SmoothingGroup: 0
    m_Uv:
      m_UseWorldSpace: 0
      m_FlipU: 0
      m_FlipV: 0
      m_SwapUV: 0
      m_Fill: 1
      m_Scale: {x: 1, y: 1}
      m_Offset: {x: 0, y: 0}
      m_Rotation: 0
      m_Anchor: 9
    m_Material: {fileID: 2100000, guid: c22777d6e868e4f2fb421913386b154e, type: 2}
    m_SubmeshIndex: 1
    m_ManualUV: 0
    elementGroup: 0
    m_TextureGroup: -1
  - m_Indexes: 210000002200000023000000
    m_SmoothingGroup: 0
    m_Uv:
      m_UseWorldSpace: 0
      m_FlipU: 0
      m_FlipV: 0
      m_SwapUV: 0
      m_Fill: 1
      m_Scale: {x: 1, y: 1}
      m_Offset: {x: 0, y: 0}
      m_Rotation: 0
      m_Anchor: 9
    m_Material: {fileID: 2100000, guid: c22777d6e868e4f2fb421913386b154e, type: 2}
    m_SubmeshIndex: 0
    m_ManualUV: 0
    elementGroup: 0
    m_TextureGroup: -1
  - m_Indexes: 260000002500000024000000
    m_SmoothingGroup: 0
    m_Uv:
      m_UseWorldSpace: 0
      m_FlipU: 0
      m_FlipV: 0
      m_SwapUV: 0
      m_Fill: 1
      m_Scale: {x: 1, y: 1}
      m_Offset: {x: 0, y: 0}
      m_Rotation: 0
      m_Anchor: 9
    m_Material: {fileID: 2100000, guid: c22777d6e868e4f2fb421913386b154e, type: 2}
    m_SubmeshIndex: 2
    m_ManualUV: 0
    elementGroup: 0
    m_TextureGroup: -1
  - m_Indexes: 270000002800000029000000
    m_SmoothingGroup: 0
    m_Uv:
      m_UseWorldSpace: 0
      m_FlipU: 0
      m_FlipV: 0
      m_SwapUV: 0
      m_Fill: 1
      m_Scale: {x: 1, y: 1}
      m_Offset: {x: 0, y: 0}
      m_Rotation: 0
      m_Anchor: 9
    m_Material: {fileID: 2100000, guid: c22777d6e868e4f2fb421913386b154e, type: 2}
    m_SubmeshIndex: 0
    m_ManualUV: 0
    elementGroup: 0
    m_TextureGroup: -1
  - m_Indexes: 2c0000002b0000002a000000
    m_SmoothingGroup: 0
    m_Uv:
      m_UseWorldSpace: 0
      m_FlipU: 0
      m_FlipV: 0
      m_SwapUV: 0
      m_Fill: 1
      m_Scale: {x: 1, y: 1}
      m_Offset: {x: 0, y: 0}
      m_Rotation: 0
      m_Anchor: 9
    m_Material: {fileID: 2100000, guid: c22777d6e868e4f2fb421913386b154e, type: 2}
    m_SubmeshIndex: 2
    m_ManualUV: 0
    elementGroup: 0
    m_TextureGroup: -1
  - m_Indexes: 2d0000002e0000002f000000
    m_SmoothingGroup: 0
    m_Uv:
      m_UseWorldSpace: 0
      m_FlipU: 0
      m_FlipV: 0
      m_SwapUV: 0
      m_Fill: 1
      m_Scale: {x: 1, y: 1}
      m_Offset: {x: 0, y: 0}
      m_Rotation: 0
      m_Anchor: 9
    m_Material: {fileID: 2100000, guid: c22777d6e868e4f2fb421913386b154e, type: 2}
    m_SubmeshIndex: 0
    m_ManualUV: 0
    elementGroup: 0
    m_TextureGroup: -1
  - m_Indexes: 320000003100000030000000
    m_SmoothingGroup: 0
    m_Uv:
      m_UseWorldSpace: 0
      m_FlipU: 0
      m_FlipV: 0
      m_SwapUV: 0
      m_Fill: 1
      m_Scale: {x: 1, y: 1}
      m_Offset: {x: 0, y: 0}
      m_Rotation: 0
      m_Anchor: 9
    m_Material: {fileID: 2100000, guid: c22777d6e868e4f2fb421913386b154e, type: 2}
    m_SubmeshIndex: 1
    m_ManualUV: 0
    elementGroup: 0
    m_TextureGroup: -1
  - m_Indexes: 330000003400000035000000
    m_SmoothingGroup: 0
    m_Uv:
      m_UseWorldSpace: 0
      m_FlipU: 0
      m_FlipV: 0
      m_SwapUV: 0
      m_Fill: 1
      m_Scale: {x: 1, y: 1}
      m_Offset: {x: 0, y: 0}
      m_Rotation: 0
      m_Anchor: 9
    m_Material: {fileID: 2100000, guid: c22777d6e868e4f2fb421913386b154e, type: 2}
    m_SubmeshIndex: 0
    m_ManualUV: 0
    elementGroup: 0
    m_TextureGroup: -1
  - m_Indexes: 380000003700000036000000
    m_SmoothingGroup: 0
    m_Uv:
      m_UseWorldSpace: 0
      m_FlipU: 0
      m_FlipV: 0
      m_SwapUV: 0
      m_Fill: 1
      m_Scale: {x: 1, y: 1}
      m_Offset: {x: 0, y: 0}
      m_Rotation: 0
      m_Anchor: 9
    m_Material: {fileID: 2100000, guid: c22777d6e868e4f2fb421913386b154e, type: 2}
    m_SubmeshIndex: 1
    m_ManualUV: 0
    elementGroup: 0
    m_TextureGroup: -1
  - m_Indexes: 390000003a0000003b000000
    m_SmoothingGroup: 0
    m_Uv:
      m_UseWorldSpace: 0
      m_FlipU: 0
      m_FlipV: 0
      m_SwapUV: 0
      m_Fill: 1
      m_Scale: {x: 1, y: 1}
      m_Offset: {x: 0, y: 0}
      m_Rotation: 0
      m_Anchor: 9
    m_Material: {fileID: 2100000, guid: c22777d6e868e4f2fb421913386b154e, type: 2}
    m_SubmeshIndex: 0
    m_ManualUV: 0
    elementGroup: 0
    m_TextureGroup: -1
  - m_Indexes: 3e0000003d0000003c000000
    m_SmoothingGroup: 0
    m_Uv:
      m_UseWorldSpace: 0
      m_FlipU: 0
      m_FlipV: 0
      m_SwapUV: 0
      m_Fill: 1
      m_Scale: {x: 1, y: 1}
      m_Offset: {x: 0, y: 0}
      m_Rotation: 0
      m_Anchor: 9
    m_Material: {fileID: 2100000, guid: c22777d6e868e4f2fb421913386b154e, type: 2}
    m_SubmeshIndex: 2
    m_ManualUV: 0
    elementGroup: 0
    m_TextureGroup: -1
  - m_Indexes: 3f0000004000000041000000
    m_SmoothingGroup: 0
    m_Uv:
      m_UseWorldSpace: 0
      m_FlipU: 0
      m_FlipV: 0
      m_SwapUV: 0
      m_Fill: 1
      m_Scale: {x: 1, y: 1}
      m_Offset: {x: 0, y: 0}
      m_Rotation: 0
      m_Anchor: 9
    m_Material: {fileID: 2100000, guid: c22777d6e868e4f2fb421913386b154e, type: 2}
    m_SubmeshIndex: 0
    m_ManualUV: 0
    elementGroup: 0
    m_TextureGroup: -1
  - m_Indexes: 440000004300000042000000
    m_SmoothingGroup: 0
    m_Uv:
      m_UseWorldSpace: 0
      m_FlipU: 0
      m_FlipV: 0
      m_SwapUV: 0
      m_Fill: 1
      m_Scale: {x: 1, y: 1}
      m_Offset: {x: 0, y: 0}
      m_Rotation: 0
      m_Anchor: 9
    m_Material: {fileID: 2100000, guid: c22777d6e868e4f2fb421913386b154e, type: 2}
    m_SubmeshIndex: 2
    m_ManualUV: 0
    elementGroup: 0
    m_TextureGroup: -1
  - m_Indexes: 450000004600000047000000
    m_SmoothingGroup: 0
    m_Uv:
      m_UseWorldSpace: 0
      m_FlipU: 0
      m_FlipV: 0
      m_SwapUV: 0
      m_Fill: 1
      m_Scale: {x: 1, y: 1}
      m_Offset: {x: 0, y: 0}
      m_Rotation: 0
      m_Anchor: 9
    m_Material: {fileID: 2100000, guid: c22777d6e868e4f2fb421913386b154e, type: 2}
    m_SubmeshIndex: 0
    m_ManualUV: 0
    elementGroup: 0
    m_TextureGroup: -1
  - m_Indexes: 4a0000004900000048000000
    m_SmoothingGroup: 0
    m_Uv:
      m_UseWorldSpace: 0
      m_FlipU: 0
      m_FlipV: 0
      m_SwapUV: 0
      m_Fill: 1
      m_Scale: {x: 1, y: 1}
      m_Offset: {x: 0, y: 0}
      m_Rotation: 0
      m_Anchor: 9
    m_Material: {fileID: 2100000, guid: c22777d6e868e4f2fb421913386b154e, type: 2}
    m_SubmeshIndex: 1
    m_ManualUV: 0
    elementGroup: 0
    m_TextureGroup: -1
  - m_Indexes: 4b0000004c0000004d000000
    m_SmoothingGroup: 0
    m_Uv:
      m_UseWorldSpace: 0
      m_FlipU: 0
      m_FlipV: 0
      m_SwapUV: 0
      m_Fill: 1
      m_Scale: {x: 1, y: 1}
      m_Offset: {x: 0, y: 0}
      m_Rotation: 0
      m_Anchor: 9
    m_Material: {fileID: 2100000, guid: c22777d6e868e4f2fb421913386b154e, type: 2}
    m_SubmeshIndex: 0
    m_ManualUV: 0
    elementGroup: 0
    m_TextureGroup: -1
  - m_Indexes: 500000004f0000004e000000
    m_SmoothingGroup: 0
    m_Uv:
      m_UseWorldSpace: 0
      m_FlipU: 0
      m_FlipV: 0
      m_SwapUV: 0
      m_Fill: 1
      m_Scale: {x: 1, y: 1}
      m_Offset: {x: 0, y: 0}
      m_Rotation: 0
      m_Anchor: 9
    m_Material: {fileID: 2100000, guid: c22777d6e868e4f2fb421913386b154e, type: 2}
    m_SubmeshIndex: 1
    m_ManualUV: 0
    elementGroup: 0
    m_TextureGroup: -1
  - m_Indexes: 510000005200000053000000
    m_SmoothingGroup: 0
    m_Uv:
      m_UseWorldSpace: 0
      m_FlipU: 0
      m_FlipV: 0
      m_SwapUV: 0
      m_Fill: 1
      m_Scale: {x: 1, y: 1}
      m_Offset: {x: 0, y: 0}
      m_Rotation: 0
      m_Anchor: 9
    m_Material: {fileID: 2100000, guid: c22777d6e868e4f2fb421913386b154e, type: 2}
    m_SubmeshIndex: 0
    m_ManualUV: 0
    elementGroup: 0
    m_TextureGroup: -1
  - m_Indexes: 560000005500000054000000
    m_SmoothingGroup: 0
    m_Uv:
      m_UseWorldSpace: 0
      m_FlipU: 0
      m_FlipV: 0
      m_SwapUV: 0
      m_Fill: 1
      m_Scale: {x: 1, y: 1}
      m_Offset: {x: 0, y: 0}
      m_Rotation: 0
      m_Anchor: 9
    m_Material: {fileID: 2100000, guid: c22777d6e868e4f2fb421913386b154e, type: 2}
    m_SubmeshIndex: 2
    m_ManualUV: 0
    elementGroup: 0
    m_TextureGroup: -1
  - m_Indexes: 570000005800000059000000
    m_SmoothingGroup: 0
    m_Uv:
      m_UseWorldSpace: 0
      m_FlipU: 0
      m_FlipV: 0
      m_SwapUV: 0
      m_Fill: 1
      m_Scale: {x: 1, y: 1}
      m_Offset: {x: 0, y: 0}
      m_Rotation: 0
      m_Anchor: 9
    m_Material: {fileID: 2100000, guid: c22777d6e868e4f2fb421913386b154e, type: 2}
    m_SubmeshIndex: 0
    m_ManualUV: 0
    elementGroup: 0
    m_TextureGroup: -1
  - m_Indexes: 5c0000005b0000005a000000
    m_SmoothingGroup: 0
    m_Uv:
      m_UseWorldSpace: 0
      m_FlipU: 0
      m_FlipV: 0
      m_SwapUV: 0
      m_Fill: 1
      m_Scale: {x: 1, y: 1}
      m_Offset: {x: 0, y: 0}
      m_Rotation: 0
      m_Anchor: 9
    m_Material: {fileID: 2100000, guid: c22777d6e868e4f2fb421913386b154e, type: 2}
    m_SubmeshIndex: 2
    m_ManualUV: 0
    elementGroup: 0
    m_TextureGroup: -1
  - m_Indexes: 5d0000005e0000005f000000
    m_SmoothingGroup: 0
    m_Uv:
      m_UseWorldSpace: 0
      m_FlipU: 0
      m_FlipV: 0
      m_SwapUV: 0
      m_Fill: 1
      m_Scale: {x: 1, y: 1}
      m_Offset: {x: 0, y: 0}
      m_Rotation: 0
      m_Anchor: 9
    m_Material: {fileID: 2100000, guid: c22777d6e868e4f2fb421913386b154e, type: 2}
    m_SubmeshIndex: 0
    m_ManualUV: 0
    elementGroup: 0
    m_TextureGroup: -1
  - m_Indexes: 620000006100000060000000
    m_SmoothingGroup: 0
    m_Uv:
      m_UseWorldSpace: 0
      m_FlipU: 0
      m_FlipV: 0
      m_SwapUV: 0
      m_Fill: 1
      m_Scale: {x: 1, y: 1}
      m_Offset: {x: 0, y: 0}
      m_Rotation: 0
      m_Anchor: 9
    m_Material: {fileID: 2100000, guid: c22777d6e868e4f2fb421913386b154e, type: 2}
    m_SubmeshIndex: 1
    m_ManualUV: 0
    elementGroup: 0
    m_TextureGroup: -1
  - m_Indexes: 630000006400000065000000
    m_SmoothingGroup: 0
    m_Uv:
      m_UseWorldSpace: 0
      m_FlipU: 0
      m_FlipV: 0
      m_SwapUV: 0
      m_Fill: 1
      m_Scale: {x: 1, y: 1}
      m_Offset: {x: 0, y: 0}
      m_Rotation: 0
      m_Anchor: 9
    m_Material: {fileID: 2100000, guid: c22777d6e868e4f2fb421913386b154e, type: 2}
    m_SubmeshIndex: 0
    m_ManualUV: 0
    elementGroup: 0
    m_TextureGroup: -1
  - m_Indexes: 680000006700000066000000
    m_SmoothingGroup: 0
    m_Uv:
      m_UseWorldSpace: 0
      m_FlipU: 0
      m_FlipV: 0
      m_SwapUV: 0
      m_Fill: 1
      m_Scale: {x: 1, y: 1}
      m_Offset: {x: 0, y: 0}
      m_Rotation: 0
      m_Anchor: 9
    m_Material: {fileID: 2100000, guid: c22777d6e868e4f2fb421913386b154e, type: 2}
    m_SubmeshIndex: 1
    m_ManualUV: 0
    elementGroup: 0
    m_TextureGroup: -1
  - m_Indexes: 690000006a0000006b000000
    m_SmoothingGroup: 0
    m_Uv:
      m_UseWorldSpace: 0
      m_FlipU: 0
      m_FlipV: 0
      m_SwapUV: 0
      m_Fill: 1
      m_Scale: {x: 1, y: 1}
      m_Offset: {x: 0, y: 0}
      m_Rotation: 0
      m_Anchor: 9
    m_Material: {fileID: 2100000, guid: c22777d6e868e4f2fb421913386b154e, type: 2}
    m_SubmeshIndex: 0
    m_ManualUV: 0
    elementGroup: 0
    m_TextureGroup: -1
  - m_Indexes: 6e0000006d0000006c000000
    m_SmoothingGroup: 0
    m_Uv:
      m_UseWorldSpace: 0
      m_FlipU: 0
      m_FlipV: 0
      m_SwapUV: 0
      m_Fill: 1
      m_Scale: {x: 1, y: 1}
      m_Offset: {x: 0, y: 0}
      m_Rotation: 0
      m_Anchor: 9
    m_Material: {fileID: 2100000, guid: c22777d6e868e4f2fb421913386b154e, type: 2}
    m_SubmeshIndex: 2
    m_ManualUV: 0
    elementGroup: 0
    m_TextureGroup: -1
  - m_Indexes: 6f0000007000000071000000
    m_SmoothingGroup: 0
    m_Uv:
      m_UseWorldSpace: 0
      m_FlipU: 0
      m_FlipV: 0
      m_SwapUV: 0
      m_Fill: 1
      m_Scale: {x: 1, y: 1}
      m_Offset: {x: 0, y: 0}
      m_Rotation: 0
      m_Anchor: 9
    m_Material: {fileID: 2100000, guid: c22777d6e868e4f2fb421913386b154e, type: 2}
    m_SubmeshIndex: 0
    m_ManualUV: 0
    elementGroup: 0
    m_TextureGroup: -1
  - m_Indexes: 740000007300000072000000
    m_SmoothingGroup: 0
    m_Uv:
      m_UseWorldSpace: 0
      m_FlipU: 0
      m_FlipV: 0
      m_SwapUV: 0
      m_Fill: 1
      m_Scale: {x: 1, y: 1}
      m_Offset: {x: 0, y: 0}
      m_Rotation: 0
      m_Anchor: 9
    m_Material: {fileID: 2100000, guid: c22777d6e868e4f2fb421913386b154e, type: 2}
    m_SubmeshIndex: 2
    m_ManualUV: 0
    elementGroup: 0
    m_TextureGroup: -1
  - m_Indexes: 750000007600000077000000
    m_SmoothingGroup: 0
    m_Uv:
      m_UseWorldSpace: 0
      m_FlipU: 0
      m_FlipV: 0
      m_SwapUV: 0
      m_Fill: 1
      m_Scale: {x: 1, y: 1}
      m_Offset: {x: 0, y: 0}
      m_Rotation: 0
      m_Anchor: 9
    m_Material: {fileID: 2100000, guid: c22777d6e868e4f2fb421913386b154e, type: 2}
    m_SubmeshIndex: 0
    m_ManualUV: 0
    elementGroup: 0
    m_TextureGroup: -1
  m_SharedVertices:
  - m_Vertices: 00000000030000007300000076000000
  - m_Vertices: 01000000040000000600000009000000
  - m_Vertices: 02000000080000000e000000140000001a00000020000000260000002c00000032000000380000003e000000440000004a00000050000000560000005c00000062000000680000006e00000074000000
  - m_Vertices: 050000000b00000011000000170000001d00000023000000290000002f000000350000003b00000041000000470000004d00000053000000590000005f000000650000006b0000007100000077000000
  - m_Vertices: 070000000a0000000c0000000f000000
  - m_Vertices: 0d000000100000001200000015000000
  - m_Vertices: 1300000016000000180000001b000000
  - m_Vertices: 190000001c0000001e00000021000000
  - m_Vertices: 1f000000220000002400000027000000
  - m_Vertices: 25000000280000002a0000002d000000
  - m_Vertices: 2b0000002e0000003000000033000000
  - m_Vertices: 31000000340000003600000039000000
  - m_Vertices: 370000003a0000003c0000003f000000
  - m_Vertices: 3d000000400000004200000045000000
  - m_Vertices: 4300000046000000480000004b000000
  - m_Vertices: 490000004c0000004e00000051000000
  - m_Vertices: 4f000000520000005400000057000000
  - m_Vertices: 55000000580000005a0000005d000000
  - m_Vertices: 5b0000005e0000006000000063000000
  - m_Vertices: 61000000640000006600000069000000
  - m_Vertices: 670000006a0000006c0000006f000000
  - m_Vertices: 6d000000700000007200000075000000
  m_SharedTextures: []
  m_Positions:
  - {x: 1, y: -0.39999962, z: 0}
  - {x: 0.95105654, y: -0.39999962, z: 0.309017}
  - {x: 0, y: 0.4000004, z: 0}
  - {x: 1, y: -0.39999962, z: 0}
  - {x: 0.95105654, y: -0.39999962, z: 0.309017}
  - {x: 0, y: -0.39999962, z: 0}
  - {x: 0.95105654, y: -0.39999962, z: 0.309017}
  - {x: 0.809017, y: -0.39999962, z: 0.58778524}
  - {x: 0, y: 0.4000004, z: 0}
  - {x: 0.95105654, y: -0.39999962, z: 0.309017}
  - {x: 0.809017, y: -0.39999962, z: 0.58778524}
  - {x: 0, y: -0.39999962, z: 0}
  - {x: 0.809017, y: -0.39999962, z: 0.58778524}
  - {x: 0.5877853, y: -0.39999962, z: 0.809017}
  - {x: 0, y: 0.4000004, z: 0}
  - {x: 0.809017, y: -0.39999962, z: 0.58778524}
  - {x: 0.5877853, y: -0.39999962, z: 0.809017}
  - {x: 0, y: -0.39999962, z: 0}
  - {x: 0.5877853, y: -0.39999962, z: 0.809017}
  - {x: 0.30901694, y: -0.39999962, z: 0.95105654}
  - {x: 0, y: 0.4000004, z: 0}
  - {x: 0.5877853, y: -0.39999962, z: 0.809017}
  - {x: 0.30901694, y: -0.39999962, z: 0.95105654}
  - {x: 0, y: -0.39999962, z: 0}
  - {x: 0.30901694, y: -0.39999962, z: 0.95105654}
  - {x: 0, y: -0.39999962, z: 1}
  - {x: 0, y: 0.4000004, z: 0}
  - {x: 0.30901694, y: -0.39999962, z: 0.95105654}
  - {x: 0, y: -0.39999962, z: 1}
  - {x: 0, y: -0.39999962, z: 0}
  - {x: 0, y: -0.39999962, z: 1}
  - {x: -0.30901694, y: -0.39999962, z: 0.95105654}
  - {x: 0, y: 0.4000004, z: 0}
  - {x: 0, y: -0.39999962, z: 1}
  - {x: -0.30901694, y: -0.39999962, z: 0.95105654}
  - {x: 0, y: -0.39999962, z: 0}
  - {x: -0.30901694, y: -0.39999962, z: 0.95105654}
  - {x: -0.58778524, y: -0.39999962, z: 0.809017}
  - {x: 0, y: 0.4000004, z: 0}
  - {x: -0.30901694, y: -0.39999962, z: 0.95105654}
  - {x: -0.58778524, y: -0.39999962, z: 0.809017}
  - {x: 0, y: -0.39999962, z: 0}
  - {x: -0.58778524, y: -0.39999962, z: 0.809017}
  - {x: -0.80901706, y: -0.39999962, z: 0.5877852}
  - {x: 0, y: 0.4000004, z: 0}
  - {x: -0.58778524, y: -0.39999962, z: 0.809017}
  - {x: -0.80901706, y: -0.39999962, z: 0.5877852}
  - {x: 0, y: -0.39999962, z: 0}
  - {x: -0.80901706, y: -0.39999962, z: 0.5877852}
  - {x: -0.9510565, y: -0.39999962, z: 0.30901703}
  - {x: 0, y: 0.4000004, z: 0}
  - {x: -0.80901706, y: -0.39999962, z: 0.5877852}
  - {x: -0.9510565, y: -0.39999962, z: 0.30901703}
  - {x: 0, y: -0.39999962, z: 0}
  - {x: -0.9510565, y: -0.39999962, z: 0.30901703}
  - {x: -1, y: -0.39999962, z: -0.00000008742278}
  - {x: 0, y: 0.4000004, z: 0}
  - {x: -0.9510565, y: -0.39999962, z: 0.30901703}
  - {x: -1, y: -0.39999962, z: -0.00000008742278}
  - {x: 0, y: -0.39999962, z: 0}
  - {x: -1, y: -0.39999962, z: -0.00000008742278}
  - {x: -0.9510565, y: -0.39999962, z: -0.30901697}
  - {x: 0, y: 0.4000004, z: 0}
  - {x: -1, y: -0.39999962, z: -0.00000008742278}
  - {x: -0.9510565, y: -0.39999962, z: -0.30901697}
  - {x: 0, y: -0.39999962, z: 0}
  - {x: -0.9510565, y: -0.39999962, z: -0.30901697}
  - {x: -0.80901706, y: -0.39999962, z: -0.5877851}
  - {x: 0, y: 0.4000004, z: 0}
  - {x: -0.9510565, y: -0.39999962, z: -0.30901697}
  - {x: -0.80901706, y: -0.39999962, z: -0.5877851}
  - {x: 0, y: -0.39999962, z: 0}
  - {x: -0.80901706, y: -0.39999962, z: -0.5877851}
  - {x: -0.5877855, y: -0.39999962, z: -0.8090168}
  - {x: 0, y: 0.4000004, z: 0}
  - {x: -0.80901706, y: -0.39999962, z: -0.5877851}
  - {x: -0.5877855, y: -0.39999962, z: -0.8090168}
  - {x: 0, y: -0.39999962, z: 0}
  - {x: -0.5877855, y: -0.39999962, z: -0.8090168}
  - {x: -0.30901706, y: -0.39999962, z: -0.9510565}
  - {x: 0, y: 0.4000004, z: 0}
  - {x: -0.5877855, y: -0.39999962, z: -0.8090168}
  - {x: -0.30901706, y: -0.39999962, z: -0.9510565}
  - {x: 0, y: -0.39999962, z: 0}
  - {x: -0.30901706, y: -0.39999962, z: -0.9510565}
  - {x: 0, y: -0.39999962, z: -1}
  - {x: 0, y: 0.4000004, z: 0}
  - {x: -0.30901706, y: -0.39999962, z: -0.9510565}
  - {x: 0, y: -0.39999962, z: -1}
  - {x: 0, y: -0.39999962, z: 0}
  - {x: 0, y: -0.39999962, z: -1}
  - {x: 0.30901712, y: -0.39999962, z: -0.9510565}
  - {x: 0, y: 0.4000004, z: 0}
  - {x: 0, y: -0.39999962, z: -1}
  - {x: 0.30901712, y: -0.39999962, z: -0.9510565}
  - {x: 0, y: -0.39999962, z: 0}
  - {x: 0.30901712, y: -0.39999962, z: -0.9510565}
  - {x: 0.58778507, y: -0.39999962, z: -0.8090171}
  - {x: 0, y: 0.4000004, z: 0}
  - {x: 0.30901712, y: -0.39999962, z: -0.9510565}
  - {x: 0.58778507, y: -0.39999962, z: -0.8090171}
  - {x: 0, y: -0.39999962, z: 0}
  - {x: 0.58778507, y: -0.39999962, z: -0.8090171}
  - {x: 0.80901694, y: -0.39999962, z: -0.5877853}
  - {x: 0, y: 0.4000004, z: 0}
  - {x: 0.58778507, y: -0.39999962, z: -0.8090171}
  - {x: 0.80901694, y: -0.39999962, z: -0.5877853}
  - {x: 0, y: -0.39999962, z: 0}
  - {x: 0.80901694, y: -0.39999962, z: -0.5877853}
  - {x: 0.95105654, y: -0.39999962, z: -0.30901694}
  - {x: 0, y: 0.4000004, z: 0}
  - {x: 0.80901694, y: -0.39999962, z: -0.5877853}
  - {x: 0.95105654, y: -0.39999962, z: -0.30901694}
  - {x: 0, y: -0.39999962, z: 0}
  - {x: 0.95105654, y: -0.39999962, z: -0.30901694}
  - {x: 1, y: -0.39999962, z: 0}
  - {x: 0, y: 0.4000004, z: 0}
  - {x: 0.95105654, y: -0.39999962, z: -0.30901694}
  - {x: 1, y: -0.39999962, z: 0}
  - {x: 0, y: -0.39999962, z: 0}
  m_Textures0:
  - {x: 1.0307466, y: -0.030754128}
  - {x: 0.9925282, y: 0.27977175}
  - {x: -0.24987827, y: -0.030754125}
  - {x: -1, y: 0}
  - {x: -0.95105654, y: 0.309017}
  - {x: 0, y: 0}
  - {x: 1.0052791, y: 0.22977921}
  - {x: 0.89010143, y: 0.52067626}
  - {x: -0.23408304, y: -0.09268269}
  - {x: -0.95105654, y: 0.309017}
  - {x: -0.809017, y: 0.58778524}
  - {x: 0, y: 0}
  - {x: 0.9008251, y: 0.5018949}
  - {x: 0.7088505, y: 0.74894285}
  - {x: -0.198798, y: -0.15448081}
  - {x: -0.809017, y: 0.58778524}
  - {x: -0.5877853, y: 0.809017}
  - {x: 0, y: 0}
  - {x: 0.6897198, y: 0.766597}
  - {x: 0.42807996, y: 0.9381534}
  - {x: -0.13805038, y: -0.2105399}
  - {x: -0.5877853, y: 0.809017}
  - {x: -0.30901694, y: 0.95105654}
  - {x: 0, y: 0}
  - {x: 0.35684672, y: 0.9674941}
  - {x: 0.050280936, y: 1.0299788}
  - {x: -0.050281033, y: -0.24669166}
  - {x: -0.30901694, y: 0.95105654}
  - {x: 0, y: 1}
  - {x: 0, y: 0}
  - {x: -0.050280936, y: 1.0299788}
  - {x: -0.35684672, y: 0.9674941}
  - {x: 0.050281033, y: -0.24669166}
  - {x: 0, y: 1}
  - {x: 0.30901694, y: 0.95105654}
  - {x: 0, y: 0}
  - {x: -0.42808, y: 0.9381534}
  - {x: -0.6897198, y: 0.766597}
  - {x: 0.13805039, y: -0.2105399}
  - {x: 0.30901694, y: 0.95105654}
  - {x: 0.58778524, y: 0.809017}
  - {x: 0, y: 0}
  - {x: -0.70885044, y: 0.74894285}
  - {x: -0.9008252, y: 0.50189483}
  - {x: 0.19879799, y: -0.15448083}
  - {x: 0.58778524, y: 0.809017}
  - {x: 0.80901706, y: 0.5877852}
  - {x: 0, y: 0}
  - {x: -0.8901015, y: 0.5206762}
  - {x: -1.005279, y: 0.22977926}
  - {x: 0.2340831, y: -0.09268264}
  - {x: 0.80901706, y: 0.5877852}
  - {x: 0.9510565, y: 0.30901703}
  - {x: 0, y: 0}
  - {x: -0.99252814, y: 0.27977178}
  - {x: -1.0307466, y: -0.03075424}
  - {x: 0.24987827, y: -0.030754155}
  - {x: 0.9510565, y: 0.30901703}
  - {x: 1, y: -0.00000008742278}
  - {x: 0, y: 0}
  - {x: -1.0307466, y: 0.030754091}
  - {x: -0.99252814, y: -0.2797717}
  - {x: 0.24987827, y: 0.030754177}
  - {x: 1, y: -0.00000008742278}
  - {x: 0.9510565, y: -0.30901697}
  - {x: 0, y: 0}
  - {x: -1.005279, y: -0.2297792}
  - {x: -0.8901015, y: -0.52067614}
  - {x: 0.2340831, y: 0.09268264}
  - {x: 0.9510565, y: -0.30901697}
  - {x: 0.80901706, y: -0.5877851}
  - {x: 0, y: 0}
  - {x: -0.90082514, y: -0.5018948}
  - {x: -0.7088506, y: -0.7489427}
  - {x: 0.19879802, y: 0.15448077}
  - {x: 0.80901706, y: -0.5877851}
  - {x: 0.5877855, y: -0.8090168}
  - {x: 0, y: 0}
  - {x: -0.68972003, y: -0.76659685}
  - {x: -0.4280801, y: -0.93815345}
  - {x: 0.13805044, y: 0.2105399}
  - {x: 0.5877855, y: -0.8090168}
  - {x: 0.30901706, y: -0.9510565}
  - {x: 0, y: 0}
  - {x: -0.3568469, y: -0.96749395}
  - {x: -0.05028098, y: -1.0299788}
  - {x: 0.050281078, y: 0.24669166}
  - {x: 0.30901706, y: -0.9510565}
  - {x: -0, y: -1}
  - {x: 0, y: 0}
  - {x: 0.05028097, y: -1.0299788}
  - {x: 0.35684696, y: -0.96749395}
  - {x: -0.050281066, y: 0.24669166}
  - {x: -0, y: -1}
  - {x: -0.30901712, y: -0.9510565}
  - {x: 0, y: 0}
  - {x: 0.42808017, y: -0.9381534}
  - {x: 0.6897196, y: -0.76659715}
  - {x: -0.1380504, y: 0.2105399}
  - {x: -0.30901712, y: -0.9510565}
  - {x: -0.58778507, y: -0.8090171}
  - {x: 0, y: 0}
  - {x: 0.70885026, y: -0.748943}
  - {x: 0.9008251, y: -0.50189495}
  - {x: -0.19879797, y: 0.15448086}
  - {x: -0.58778507, y: -0.8090171}
  - {x: -0.80901694, y: -0.5877853}
  - {x: 0, y: 0}
  - {x: 0.8901014, y: -0.5206763}
  - {x: 1.005279, y: -0.22977912}
  - {x: -0.23408307, y: 0.09268268}
  - {x: -0.80901694, y: -0.5877853}
  - {x: -0.95105654, y: -0.30901694}
  - {x: 0, y: 0}
  - {x: 0.99252814, y: -0.2797717}
  - {x: 1.0307466, y: 0.03075413}
  - {x: -0.24987824, y: 0.030754134}
  - {x: -0.95105654, y: -0.30901694}
  - {x: -1, y: 0}
  - {x: 0, y: 0}
  m_Textures2: []
  m_Textures3: []
  m_Tangents:
  - {x: 0.78086877, y: -0.62469506, z: 0.000000005801135, w: -1}
  - {x: 0.78086877, y: -0.62469506, z: 0.000000005801135, w: -1}
  - {x: 0.78086877, y: -0.62469506, z: 0.000000005801135, w: -1}
  - {x: -1, y: 0, z: 0, w: -1}
  - {x: -1, y: 0, z: 0, w: -1}
  - {x: -1, y: 0, z: 0, w: -1}
  - {x: 0.81088394, y: -0.58520705, z: 0.000000024897519, w: -1}
  - {x: 0.81088394, y: -0.58520705, z: 0.000000024897519, w: -1}
  - {x: 0.81088394, y: -0.58520705, z: 0.000000024897519, w: -1}
  - {x: -1, y: 0, z: 0, w: -1}
  - {x: -1, y: 0, z: 0, w: -1}
  - {x: -1, y: 0, z: 0, w: -1}
  - {x: 0.8677537, y: -0.49699453, z: -0.000000025140178, w: -1}
  - {x: 0.8677537, y: -0.49699453, z: -0.000000025140178, w: -1}
  - {x: 0.8677537, y: -0.49699453, z: -0.000000025140178, w: -1}
  - {x: -1, y: 0, z: 0, w: -1}
  - {x: -1, y: 0, z: 0, w: -1}
  - {x: -1, y: 0, z: 0, w: -1}
  - {x: 0.93855655, y: -0.34512568, z: 0.00000009746626, w: -1}
  - {x: 0.93855655, y: -0.34512568, z: 0.00000009746626, w: -1}
  - {x: 0.93855655, y: -0.34512568, z: 0.00000009746626, w: -1}
  - {x: -1, y: 0, z: 0, w: -1}
  - {x: -1, y: 0, z: 0, w: -1}
  - {x: -1, y: 0, z: 0, w: -1}
  - {x: 0.99206793, y: -0.1257026, z: 0.0000001849358, w: -1}
  - {x: 0.99206793, y: -0.1257026, z: 0.0000001849358, w: -1}
  - {x: 0.99206793, y: -0.1257026, z: 0.0000001849358, w: -1}
  - {x: -1, y: 0, z: 0, w: -1}
  - {x: -1, y: 0, z: 0, w: -1}
  - {x: -1, y: 0, z: 0, w: -1}
  - {x: 0.99206793, y: 0.1257026, z: -0.0000001849358, w: -1}
  - {x: 0.99206793, y: 0.1257026, z: -0.0000001849358, w: -1}
  - {x: 0.99206793, y: 0.1257026, z: -0.0000001849358, w: -1}
  - {x: -1, y: 0, z: 0, w: -1}
  - {x: -1, y: 0, z: 0, w: -1}
  - {x: -1, y: 0, z: 0, w: -1}
  - {x: 0.93855643, y: 0.3451257, z: -0.00000009746626, w: -1}
  - {x: 0.93855643, y: 0.3451257, z: -0.00000009746626, w: -1}
  - {x: 0.93855643, y: 0.3451257, z: -0.00000009746626, w: -1}
  - {x: -1, y: 0, z: 0, w: -1}
  - {x: -1, y: 0, z: 0, w: -1}
  - {x: -1, y: 0, z: 0, w: -1}
  - {x: 0.86775374, y: 0.49699447, z: 0.000000023223752, w: -1}
  - {x: 0.86775374, y: 0.49699447, z: 0.000000023223752, w: -1}
  - {x: 0.86775374, y: 0.49699447, z: 0.000000023223752, w: -1}
  - {x: -1, y: 0, z: 0, w: -1}
  - {x: -1, y: 0, z: 0, w: -1}
  - {x: -1, y: 0, z: 0, w: -1}
  - {x: 0.8108839, y: 0.58520716, z: -0.000000009394653, w: -1}
  - {x: 0.8108839, y: 0.58520716, z: -0.000000009394653, w: -1}
  - {x: 0.8108839, y: 0.58520716, z: -0.000000009394653, w: -1}
  - {x: -1, y: 0, z: 0, w: -1}
  - {x: -1, y: 0, z: 0, w: -1}
  - {x: -1, y: 0, z: 0, w: -1}
  - {x: 0.7808688, y: 0.62469506, z: 0.0000000046027187, w: -1}
  - {x: 0.7808688, y: 0.62469506, z: 0.0000000046027187, w: -1}
  - {x: 0.7808688, y: 0.62469506, z: 0.0000000046027187, w: -1}
  - {x: -1, y: 0, z: 0, w: -1}
  - {x: -1, y: 0, z: 0, w: -1}
  - {x: -1, y: 0, z: 0, w: -1}
  - {x: 0.7808688, y: 0.62469506, z: 0.0000000016683455, w: -1}
  - {x: 0.7808688, y: 0.62469506, z: 0.0000000016683455, w: -1}
  - {x: 0.7808688, y: 0.62469506, z: 0.0000000016683455, w: -1}
  - {x: -1, y: 0, z: 0, w: -1}
  - {x: -1, y: 0, z: 0, w: -1}
  - {x: -1, y: 0, z: 0, w: -1}
  - {x: 0.8108839, y: 0.58520716, z: 0.000000007725153, w: -1}
  - {x: 0.8108839, y: 0.58520716, z: 0.000000007725153, w: -1}
  - {x: 0.8108839, y: 0.58520716, z: 0.000000007725153, w: -1}
  - {x: -1, y: 0, z: 0, w: -1}
  - {x: -1, y: 0, z: 0, w: -1}
  - {x: -1, y: 0, z: 0, w: -1}
  - {x: 0.8677537, y: 0.49699455, z: 0.000000030017056, w: -1}
  - {x: 0.8677537, y: 0.49699455, z: 0.000000030017056, w: -1}
  - {x: 0.8677537, y: 0.49699455, z: 0.000000030017056, w: -1}
  - {x: -1, y: 0, z: 0, w: -1}
  - {x: -1, y: 0, z: 0, w: -1}
  - {x: -1, y: 0, z: 0, w: -1}
  - {x: 0.9385565, y: 0.34512576, z: 0.0000000058000444, w: -1}
  - {x: 0.9385565, y: 0.34512576, z: 0.0000000058000444, w: -1}
  - {x: 0.9385565, y: 0.34512576, z: 0.0000000058000444, w: -1}
  - {x: -1, y: 0, z: 0, w: -1}
  - {x: -1, y: 0, z: 0, w: -1}
  - {x: -1, y: 0, z: 0, w: -1}
  - {x: 0.992068, y: 0.1257028, z: 0.0000002838758, w: -1}
  - {x: 0.992068, y: 0.1257028, z: 0.0000002838758, w: -1}
  - {x: 0.992068, y: 0.1257028, z: 0.0000002838758, w: -1}
  - {x: -1, y: 0, z: 0, w: -1}
  - {x: -1, y: 0, z: 0, w: -1}
  - {x: -1, y: 0, z: 0, w: -1}
  - {x: 0.99206793, y: -0.12570278, z: -0.0000002885075, w: -1}
  - {x: 0.99206793, y: -0.12570278, z: -0.0000002885075, w: -1}
  - {x: 0.99206793, y: -0.12570278, z: -0.0000002885075, w: -1}
  - {x: -1, y: 0, z: 0, w: -1}
  - {x: -1, y: 0, z: 0, w: -1}
  - {x: -1, y: 0, z: 0, w: -1}
  - {x: 0.93855655, y: -0.34512568, z: -0.000000009614784, w: -1}
  - {x: 0.93855655, y: -0.34512568, z: -0.000000009614784, w: -1}
  - {x: 0.93855655, y: -0.34512568, z: -0.000000009614784, w: -1}
  - {x: -1, y: 0, z: 0, w: -1}
  - {x: -1, y: 0, z: 0, w: -1}
  - {x: -1, y: 0, z: 0, w: -1}
  - {x: 0.86775374, y: -0.4969944, z: 0.000000070136636, w: -1}
  - {x: 0.86775374, y: -0.4969944, z: 0.000000070136636, w: -1}
  - {x: 0.86775374, y: -0.4969944, z: 0.000000070136636, w: -1}
  - {x: -1, y: 0, z: 0, w: -1}
  - {x: -1, y: 0, z: 0, w: -1}
  - {x: -1, y: 0, z: 0, w: -1}
  - {x: 0.8108839, y: -0.58520716, z: 0.000000008102767, w: -1}
  - {x: 0.8108839, y: -0.58520716, z: 0.000000008102767, w: -1}
  - {x: 0.8108839, y: -0.58520716, z: 0.000000008102767, w: -1}
  - {x: -1, y: 0, z: 0, w: -1}
  - {x: -1, y: 0, z: 0, w: -1}
  - {x: -1, y: 0, z: 0, w: -1}
  - {x: 0.7808688, y: -0.62469506, z: 0.0000000028667637, w: -1}
  - {x: 0.7808688, y: -0.62469506, z: 0.0000000028667637, w: -1}
  - {x: 0.7808688, y: -0.62469506, z: 0.0000000028667637, w: -1}
  - {x: -1, y: 0, z: 0, w: -1}
  - {x: -1, y: 0, z: 0, w: -1}
  - {x: -1, y: 0, z: 0, w: -1}
  m_Colors: []
  m_UnwrapParameters:
    m_HardAngle: 88
    m_PackMargin: 20
    m_AngleError: 8
    m_AreaError: 15
  m_PreserveMeshAssetOnDestroy: 0
  assetGuid: 
  m_IsSelectable: 1
  m_SelectedFaces: 
  m_SelectedEdges: []
  m_SelectedVertices: 
--- !u!64 &2545980264196807592
MeshCollider:
  m_ObjectHideFlags: 0
  m_CorrespondingSourceObject: {fileID: 0}
  m_PrefabInstance: {fileID: 0}
  m_PrefabAsset: {fileID: 0}
  m_GameObject: {fileID: 5338160138439486479}
  m_Material: {fileID: 0}
  m_IsTrigger: 0
  m_Enabled: 1
  serializedVersion: 3
  m_Convex: 0
  m_CookingOptions: 14
  m_Mesh: {fileID: 0}
